300,1648819968.8944335,172.07431030273438,89.32188415527344,1361.1324462890625,0.9505337476730347,0.30462297797203064,0.06074908375740051,0.2964915335178375,-0.9480894207954407,0.11497469246387482,0.09261950105428696,-0.09127573668956757,-0.9915091395378113
4,1648819968.894442,136.51524353027344,-78.98384094238281,1530.8642578125,0.18782542645931244,-0.9186867475509644,0.3474712371826172,-0.9726066589355469,-0.22329287230968475,-0.0646267831325531,0.13695961236953735,-0.32581427693367004,-0.9354609251022339
300,1648819968.924276,172.07070922851562,89.31043243408203,1361.122802734375,0.9505364298820496,0.3045990765094757,0.06082671508193016,0.296509712934494,-0.9481474161148071,0.11444878578186035,0.09253368526697159,-0.0907520279288292,-0.9915652275085449
4,1648819968.9242842,136.4639129638672,-79.00514221191406,1530.8885498046875,0.18742622435092926,-0.9188283681869507,0.3473123013973236,-0.9726684093475342,-0.22294273972511292,-0.06490568816661835,0.13706794381141663,-0.32565465569496155,-0.9355006217956543
300,1648819968.9565346,172.0660858154297,89.32585906982422,1361.1710205078125,0.9505597352981567,0.30459004640579224,0.06050679460167885,0.29647624492645264,-0.9480881094932556,0.1150251254439354,0.09240128099918365,-0.0913994312286377,-0.9915180802345276
4,1648819968.9565425,136.4422149658203,-79.00460815429688,1530.8607177734375,0.18740257620811462,-0.9192193746566772,0.3462888300418854,-0.972639799118042,-0.22292651236057281,-0.06538808345794678,0.1373029500246048,-0.32456040382385254,-0.9358463883399963
300,1648819968.9862711,172.0669403076172,89.31593322753906,1361.1644287109375,0.9505699872970581,0.30459341406822205,0.06032836437225342,0.29651299118995667,-0.9480987191200256,0.11484259366989136,0.09217754006385803,-0.09127778559923172,-0.9915501475334167
4,1648819968.9862797,136.45053100585938,-78.9901351928711,1530.808349609375,0.18782322108745575,-0.9190810918807983,0.3464279770851135,-0.9727725386619568,-0.22282306849956512,-0.06374543160200119,0.13577936589717865,-0.32502272725105286,-0.9359081983566284
300,1648819969.0159893,172.0733642578125,89.30809020996094,1361.153564453125,0.9505529999732971,0.30462706089019775,0.06042616814374924,0.29656293988227844,-0.9481161236763,0.11456985026597977,0.09219209849834442,-0.09098455309867859,-0.9915757179260254
4,1648819969.0159976,136.19932556152344,-79.04484558105469,1530.614990234375,0.18627707660198212,-0.9203857779502869,0.3437889516353607,-0.9733526706695557,-0.2205067276954651,-0.06293968856334686,0.13373658061027527,-0.32290366291999817,-0.936935305595398
300,1648819969.0469193,172.07032775878906,89.32010650634766,1361.1473388671875,0.9505706429481506,0.30460697412490845,0.060250233858823776,0.2965102791786194,-0.9480690360069275,0.11509476602077484,0.0921800509095192,-0.09154088795185089,-0.9915256500244141
4,1648819969.0469275,135.84486389160156,-79.13653564453125,1530.450439453125,0.18321314454078674,-0.9210307002067566,0.3437083661556244,-0.973901629447937,-0.2176956832408905,-0.06421966105699539,0.13397210836410522,-0.32297223806381226,-0.9368780255317688
300,1648819969.0767286,172.0693359375,89.33731079101562,1361.1212158203125,0.9505639672279358,0.3045692443847656,0.06054538115859032,0.29645806550979614,-0.9481016993522644,0.1149599552154541,0.09241645038127899,-0.09132762253284454,-0.9915233254432678
4,1648819969.0767367,135.40225219726562,-79.2548828125,1530.4293212890625,0.17984382808208466,-0.9222517013549805,0.3422103822231293,-0.9745557904243469,-0.2143552452325821,-0.06552012264728546,0.13378064334392548,-0.3217197060585022,-0.9373362064361572
300,1648819969.1080766,172.07069396972656,89.33846282958984,1361.1234130859375,0.950556218624115,0.30458083748817444,0.06060809642076492,0.29652640223503113,-0.9481614828109741,0.11428873986005783,0.0922764241695404,-0.09066597372293472,-0.991597056388855
4,1648819969.1080842,134.82955932617188,-79.42790985107422,1530.34619140625,0.17535902559757233,-0.9239784479141235,0.3398720920085907,-0.975354015827179,-0.2100071907043457,-0.06768719851970673,0.13391710817813873,-0.3196260631084442,-0.9380327463150024
300,1648819969.138878,172.07403564453125,89.33980560302734,1361.147216796875,0.9505386352539062,0.3046264946460724,0.060654908418655396,0.2964067757129669,-0.9479896426200867,0.11601158231496811,0.09284042567014694,-0.09229496866464615,-0.9913941025733948
4,1648819969.1388867,134.46031188964844,-79.54019927978516,1530.407470703125,0.17240414023399353,-0.924553632736206,0.33981966972351074,-0.9758808016777039,-0.20721878111362457,-0.06868050992488861,0.13391582667827606,-0.31978267431259155,-0.937979519367218
300,1648819969.1687527,172.07376098632812,89.33033752441406,1361.141357421875,0.9505616426467896,0.30461499094963074,0.060350868850946426,0.2964887320995331,-0.9480493068695068,0.11531225591897964,0.09234143793582916,-0.09171805530786514,-0.9914942383766174
4,1648819969.1687605,134.40435791015625,-79.58592224121094,1530.604248046875,0.17176134884357452,-0.9241621494293213,0.34120720624923706,-0.9758782386779785,-0.20699340105056763,-0.06939273327589035,0.13475778698921204,-0.3210577070713043,-0.9374232292175293
300,1648819969.1985219,172.0782470703125,89.31983947753906,1361.103759765625,0.950496256351471,0.30464908480644226,0.06120343506336212,0.2965610921382904,-0.9481775164604187,0.11406558007001877,0.09278169274330139,-0.0902683436870575,-0.9915862083435059
4,1648819969.1985297,134.38836669921875,-79.63361358642578,1530.8787841796875,0.1714836061000824,-0.9240807294845581,0.34156718850135803,-0.9756752848625183,-0.20735523104667664,-0.07114460319280624,0.1365690976381302,-0.3210585117340088,-0.9371607899665833
300,1648819969.2282217,172.07888793945312,89.31419372558594,1361.149169921875,0.950495183467865,0.30468350648880005,0.061048127710819244,0.2965239882469177,-0.9480786323547363,0.11497990787029266,0.09291090816259384,-0.09118561446666718,-0.9914901852607727
4,1648819969.228229,134.508544921875,-79.6540298461914,1531.2216796875,0.17182256281375885,-0.9234980940818787,0.3429698050022125,-0.9751235246658325,-0.20892804861068726,-0.07404861599206924,0.14003977179527283,-0.32171469926834106,-0.9364232420921326
300,1648819969.2603328,172.07644653320312,89.3057861328125,1361.1654052734375,0.9505124688148499,0.3046981692314148,0.060705170035362244,0.2965090870857239,-0.9480039477348328,0.11563258618116379,0.09278178215026855,-0.09191057831048965,-0.9914352893829346
4,1648819969.2603397,134.81997680664062,-79.62692260742188,1531.6378173828125,0.1740274727344513,-0.922381579875946,0.34485745429992676,-0.9744231700897217,-0.211860790848732,-0.07492976635694504,0.1421756148338318,-0.3229972720146179,-0.9356595873832703
300,1648819969.2904594,172.0745086669922,89.30619049072266,1361.162841796875,0.9505129456520081,0.30472883582115173,0.06054329127073288,0.29655489325523376,-0.9479899406433105,0.11562985926866531,0.09263018518686295,-0.09195327013731003,-0.9914455413818359
4,1648819969.2904665,135.2135009765625,-79.56495666503906,1532.07763671875,0.17631620168685913,-0.9203211665153503,0.3491726815700531,-0.9735068678855896,-0.2155047357082367,-0.07643363624811172,0.1455918550491333,-0.3264455199241638,-0.9339359402656555
300,1648819969.3203213,172.07630920410156,89.3124771118164,1361.1995849609375,0.9506007432937622,0.304564893245697,0.059987228363752365,0.29649490118026733,-0.9480769038200378,0.1150691881775856,0.09191854298114777,-0.09159894287586212,-0.9915445446968079
4,1648819969.320329,135.4840545654297,-79.52912139892578,1532.355224609375,0.17792727053165436,-0.9192259907722473,0.3512341380119324,-0.9728555679321289,-0.21798747777938843,-0.07767529785633087,0.14796580374240875,-0.32787951827049255,-0.9330601096153259
300,1648819969.3499663,172.0770263671875,89.29460144042969,1361.189208984375,0.9505965709686279,0.30459049344062805,0.059923261404037476,0.29648563265800476,-0.9480264186859131,0.11550814658403397,0.09199152141809464,-0.09203525632619858,-0.9914973974227905
4,1648819969.349974,135.50108337402344,-79.5606918334961,1532.486328125,0.17766760289669037,-0.919148862361908,0.3515673279762268,-0.9726871252059937,-0.21824851632118225,-0.07904002070426941,0.14937859773635864,-0.32792216539382935,-0.9328199625015259
300,1648819969.3806796,172.0773468017578,89.2958755493164,1361.15869140625,0.9504824280738831,0.30471739172935486,0.061077527701854706,0.2965747117996216,-0.9480881690979004,0.11477064341306686,0.09287949651479721,-0.09097342938184738,-0.9915125966072083
4,1648819969.3806884,135.4664764404297,-79.58547973632812,1532.6251220703125,0.17719852924346924,-0.9189689755439758,0.3522735834121704,-0.9726482033729553,-0.21814244985580444,-0.07980819791555405,0.15018709003925323,-0.32849636673927307,-0.9324880838394165
300,1648819969.4124935,172.07907104492188,89.2939224243164,1361.1832275390625,0.9505629539489746,0.30465996265411377,0.06010284647345543,0.29651668667793274,-0.9479883909225464,0.11574026197195053,0.09223822504281998,-0.09219691157341003,-0.9914594292640686
4,1648819969.412501,135.59503173828125,-79.55819702148438,1532.7088623046875,0.17789961397647858,-0.9182330965995789,0.35383567214012146,-0.9724531173706055,-0.2190820574760437,-0.07961145788431168,0.15062092244625092,-0.3299257755279541,-0.9319132566452026
300,1648819969.4425914,172.0789337158203,89.3058090209961,1361.15869140625,0.9505442380905151,0.3046126663684845,0.06063642352819443,0.2965056598186493,-0.9481032490730286,0.11482410132884979,0.09246646612882614,-0.09116634726524353,-0.9915334582328796
4,1648819969.4425988,135.99891662597656,-79.45369720458984,1532.876708984375,0.18066009879112244,-0.9169157147407532,0.35584762692451477,-0.9716982841491699,-0.22237937152385712,-0.07968586683273315,0.15219838917255402,-0.3313804864883423,-0.9311404824256897
300,1648819969.4723876,172.08103942871094,89.30226135253906,1361.137939453125,0.950502872467041,0.3046622574329376,0.061034902930259705,0.2965562045574188,-0.948136031627655,0.1144222617149353,0.09272953122854233,-0.09065840393304825,-0.9915555119514465
4,1648819969.4723954,136.38900756835938,-79.36002349853516,1533.032470703125,0.18337726593017578,-0.915770411491394,0.35740360617637634,-0.9709740877151489,-0.22552551329135895,-0.07967189699411392,0.15356479585170746,-0.33241963386535645,-0.9305455684661865
300,1648819969.504113,172.08438110351562,89.31407928466797,1361.1214599609375,0.9505023956298828,0.30465683341026306,0.061069291085004807,0.29653990268707275,-0.9481311440467834,0.1145050898194313,0.09278645366430283,-0.09072788059711456,-0.9915438294410706
4,1648819969.504121,136.81285095214844,-79.23804473876953,1533.1829833984375,0.1866130381822586,-0.9143393635749817,0.3593870997428894,-0.9702637791633606,-0.2289273887872696,-0.07861562818288803,0.1541549116373062,-0.33402958512306213,-0.9298712015151978
300,1648819969.534803,172.0878143310547,89.30659484863281,1361.1427001953125,0.9505492448806763,0.3046397268772125,0.06042126566171646,0.296531081199646,-0.9480676054954529,0.1150529682636261,0.09233314543962479,-0.09144673496484756,-0.99152010679245
4,1648819969.5348105,137.2335662841797,-79.12722778320312,1533.3204345703125,0.18967972695827484,-0.9129228591918945,0.36137720942497253,-0.9695078134536743,-0.23231419920921326,-0.07800427079200745,0.1551649421453476,-0.33556219935417175,-0.9291511178016663
300,1648819969.5646787,172.08641052246094,89.29818725585938,1361.1337890625,0.9505295157432556,0.3047143816947937,0.06035589426755905,0.2966383397579193,-0.9480689167976379,0.11476502567529678,0.09219210594892502,-0.09118366986513138,-0.9915574193000793
4,1648819969.5646868,137.48825073242188,-79.05064392089844,1533.4044189453125,0.19203391671180725,-0.9125532507896423,0.36106714606285095,-0.9691556692123413,-0.2342475801706314,-0.07658585160970688,0.15446777641773224,-0.3352231979370117,-0.9293896555900574
300,1648819969.5947044,172.08480834960938,89.29798889160156,1361.11669921875,0.9504940509796143,0.3047568202018738,0.060698751360177994,0.29657548666000366,-0.9479926824569702,0.11555458605289459,0.09275802224874496,-0.09183219075202942,-0.9914448261260986
4,1648819969.5947127,137.44937133789062,-79.05491638183594,1533.3807373046875,0.19210538268089294,-0.9126076698303223,0.3608916997909546,-0.9692051410675049,-0.2341614067554474,-0.0762222409248352,0.15406790375709534,-0.3351353704929352,-0.9294877052307129
300,1648819969.6240647,172.08164978027344,89.30432891845703,1361.10791015625,0.9504993557929993,0.30472108721733093,0.06079531088471413,0.29656845331192017,-0.948043704032898,0.11515337973833084,0.09272627532482147,-0.09142323583364487,-0.991485595703125
4,1648819969.624072,137.24002075195312,-79.10768127441406,1533.230712890625,0.1904163509607315,-0.9133045077323914,0.3600229024887085,-0.9694784879684448,-0.23263877630233765,-0.07739921659231186,0.15444433689117432,-0.3342963755130768,-0.92972731590271
300,1648819969.6561277,172.07789611816406,89.30740356445312,1361.1256103515625,0.9505788683891296,0.30455490946769714,0.06038328632712364,0.2964893877506256,-0.9481319785118103,0.11462907493114471,0.09216216951608658,-0.09106097370386124,-0.9915714859962463
4,1648819969.656135,136.99789428710938,-79.17001342773438,1533.084716796875,0.18876154720783234,-0.9145868420600891,0.3576311469078064,-0.9698922038078308,-0.2306920737028122,-0.07804012298583984,0.1538771390914917,-0.3321326673030853,-0.9305964112281799
300,1648819969.68607,172.08103942871094,89.3094253540039,1361.1351318359375,0.9506001472473145,0.30452388525009155,0.06020434573292732,0.29650649428367615,-0.9481678009033203,0.11428803950548172,0.09188725799322128,-0.0907912477850914,-0.991621732711792
4,1648819969.6860778,136.65504455566406,-79.26732635498047,1532.938232421875,0.18616393208503723,-0.9156385660171509,0.3562990128993988,-0.9704161286354065,-0.228098064661026,-0.07914391160011292,0.153738334774971,-0.3310245871543884,-0.9310141205787659
300,1648819969.716627,172.08377075195312,89.30328369140625,1361.1212158203125,0.950519859790802,0.3046315610408783,0.06092311814427376,0.296586811542511,-0.948192298412323,0.11387568712234497,0.09245695918798447,-0.09017210453748703,-0.9916253089904785
4,1648819969.7166338,136.2423858642578,-79.39839935302734,1532.8966064453125,0.1833709329366684,-0.9175598621368408,0.3527875244617462,-0.9709886908531189,-0.22508682310581207,-0.08072714507579803,0.15347981452941895,-0.32774966955184937,-0.932214617729187
300,1648819969.7467628,172.07968139648438,89.30101013183594,1361.1334228515625,0.9505109190940857,0.3047277331352234,0.06058044731616974,0.2965615689754486,-0.9480024576187134,0.11551007628440857,0.09262953698635101,-0.09182775765657425,-0.9914572238922119
4,1648819969.7467701,136.0964813232422,-79.44379425048828,1532.9443359375,0.18254990875720978,-0.9180459380149841,0.35194772481918335,-0.9712717533111572,-0.223968505859375,-0.08043184131383896,0.15266533195972443,-0.3271540701389313,-0.9325575232505798
300,1648819969.7764947,172.08010864257812,89.29668426513672,1361.097412109375,0.9504119753837585,0.3048776388168335,0.06137388199567795,0.296661376953125,-0.9480016231536865,0.11526057124137878,0.09332291036844254,-0.09133776277303696,-0.9914374947547913
4,1648819969.776503,136.09378051757812,-79.44074249267578,1532.9117431640625,0.1825256049633026,-0.9177618622779846,0.352700412273407,-0.9713649749755859,-0.22382083535194397,-0.07971425354480743,0.15210039913654327,-0.3280509412288666,-0.9323347210884094
300,1648819969.8088048,172.0857391357422,89.2972183227539,1361.09326171875,0.9504428505897522,0.30478382110595703,0.06136113032698631,0.29658472537994385,-0.9480459690093994,0.11509290337562561,0.09325162321329117,-0.09119045734405518,-0.9914577603340149
4,1648819969.8088126,135.73043823242188,-79.53948211669922,1532.6890869140625,0.18002934753894806,-0.9196245074272156,0.34911346435546875,-0.9718179106712341,-0.22119128704071045,-0.08151264488697052,0.15218187868595123,-0.32460007071495056,-0.933528482913971
300,1648819969.838528,172.084228515625,89.30795288085938,1361.10302734375,0.9505029320716858,0.30463525652885437,0.06116790324449539,0.296428382396698,-0.9480612874031067,0.11536882072687149,0.09313633292913437,-0.09152650088071823,-0.9914376139640808
4,1648819969.8385365,135.3551788330078,-79.63501739501953,1532.5499267578125,0.17750553786754608,-0.9210968017578125,0.3465147912502289,-0.9724493622779846,-0.21823295950889587,-0.08195473998785019,0.15110920369625092,-0.3224206864833832,-0.934457540512085
300,1648819969.8685284,172.0865020751953,89.29991912841797,1361.0921630859375,0.9504683613777161,0.30472052097320557,0.06128038838505745,0.29654890298843384,-0.9480828642845154,0.11488109081983566,0.0931055098772049,-0.09101821482181549,-0.9914872646331787
4,1648819969.8685365,135.0511474609375,-79.71426391601562,1532.4117431640625,0.17511336505413055,-0.9217249751091003,0.34606119990348816,-0.9729949235916138,-0.21570517122745514,-0.08217170089483261,0.15038689970970154,-0.3223264217376709,-0.9346065521240234
300,1648819969.8982987,172.08497619628906,89.30533599853516,1361.080810546875,0.9504224061965942,0.3048064410686493,0.061564937233924866,0.29658663272857666,-0.9480428099632263,0.11511362344026566,0.09345357120037079,-0.09114722907543182,-0.9914426803588867
4,1648819969.898307,135.1875,-79.66442108154297,1532.3846435546875,0.17566561698913574,-0.9208260774612427,0.34816792607307434,-0.9728450179100037,-0.21651960909366608,-0.08180390298366547,0.15071234107017517,-0.3243432939052582,-0.9338561296463013
300,1648819969.9280593,172.08175659179688,89.34214782714844,1361.09326171875,0.9504740834236145,0.3046802580356598,0.061391837894916534,0.29655468463897705,-0.9481533169746399,0.11428286880254745,0.09302861243486404,-0.09041687101125717,-0.991549551486969
4,1648819969.928067,135.6484375,-79.4827651977539,1532.44482421875,0.1786794513463974,-0.9193699955940247,0.35047462582588196,-0.972526490688324,-0.2190498262643814,-0.07879982888698578,0.1492176055908203,-0.3267659544944763,-0.9332513809204102
300,1648819969.960267,172.0784912109375,89.33468627929688,1361.10302734375,0.9505063891410828,0.30468466877937317,0.06086729094386101,0.29650190472602844,-0.94803386926651,0.11540547013282776,0.09286652505397797,-0.09164636582136154,-0.9914518594741821
4,1648819969.9602747,136.3035125732422,-79.3001708984375,1532.619140625,0.1839127242565155,-0.916930079460144,0.3541402816772461,-0.9715098142623901,-0.22435684502124786,-0.07637234032154083,0.1494818925857544,-0.33000490069389343,-0.9320686459541321
300,1648819969.991021,172.08543395996094,89.30848693847656,1361.07568359375,0.950468897819519,0.3046844005584717,0.061451490968465805,0.29659998416900635,-0.9481988549232483,0.11378654837608337,0.09293722361326218,-0.08992406725883484,-0.991602897644043
4,1648819969.99103,136.86761474609375,-79.18310546875,1532.787109375,0.18775290250778198,-0.915742814540863,0.35519570112228394,-0.9703518152236938,-0.22896963357925415,-0.07739654183387756,0.15220434963703156,-0.3301333487033844,-0.9315823912620544
300,1648819970.0204484,172.0867156982422,89.3221206665039,1361.07470703125,0.9504393339157104,0.30469563603401184,0.06185152381658554,0.2965877652168274,-0.9482189416885376,0.11365100741386414,0.09327775239944458,-0.08967398852109909,-0.991593599319458
4,1648819970.020456,137.13331604003906,-79.09187316894531,1532.9532470703125,0.18981342017650604,-0.9143694043159485,0.3576303720474243,-0.9700396060943604,-0.23090945184230804,-0.07552491873502731,0.15163791179656982,-0.33258000016212463,-0.9308041930198669
300,1648819970.0503876,172.09561157226562,89.27274322509766,1361.142333984375,0.9504008293151855,0.3048945963382721,0.061461783945560455,0.2966252267360687,-0.9479547739028931,0.11573760211467743,0.09355076402425766,-0.09176599979400635,-0.9913764595985413
4,1648819970.0503955,137.03500366210938,-79.15809631347656,1532.9434814453125,0.18932244181632996,-0.9148384928703308,0.3566897511482239,-0.9702905416488647,-0.2300315946340561,-0.07497826218605042,0.15064290165901184,-0.3318976163864136,-0.9312092661857605
300,1648819970.0801694,172.0869903564453,89.30567169189453,1361.1470947265625,0.9504494071006775,0.3048098087310791,0.06113048642873764,0.29661309719085693,-0.9480128288269043,0.11529260128736496,0.09309480339288712,-0.09144768118858337,-0.9914487600326538
4,1648819970.0801773,136.59521484375,-79.23069763183594,1532.7327880859375,0.18628264963626862,-0.9161545634269714,0.3549078702926636,-0.9710924029350281,-0.2265656441450119,-0.07515046000480652,0.14925935864448547,-0.33064907789230347,-0.9318759441375732
300,1648819970.1126633,172.08950805664062,89.28142547607422,1361.1158447265625,0.9504622220993042,0.3048170804977417,0.06089438125491142,0.29658371210098267,-0.9479461312294006,0.1159147322177887,0.09305738657712936,-0.09211229532957077,-0.9913907647132874
4,1648819970.112671,135.6676483154297,-79.49475860595703,1532.3360595703125,0.17965231835842133,-0.9196262359619141,0.34930309653282166,-0.9726449251174927,-0.2192084938287735,-0.07687298208475113,0.14726461470127106,-0.3259374797344208,-0.9338511228561401
300,1648819970.1423516,172.08837890625,89.28572082519531,1361.1248779296875,0.9505045413970947,0.3047376275062561,0.06063084304332733,0.2966286838054657,-0.948062002658844,0.11484687775373459,0.09247996658086777,-0.09117763489484787,-0.9915311932563782
4,1648819970.142359,134.72760009765625,-79.7365493774414,1531.945068359375,0.17226189374923706,-0.9223378896713257,0.34585922956466675,-0.9741288423538208,-0.2116471529006958,-0.07923717796802521,0.1462835818529129,-0.32326191663742065,-0.934934675693512
300,1648819970.172249,172.08956909179688,89.2901611328125,1361.1239013671875,0.9505809545516968,0.30461710691452026,0.060035333037376404,0.29662153124809265,-0.9481404423713684,0.11421633511781693,0.09171418100595474,-0.0907641053199768,-0.9916402697563171
4,1648819970.1722572,133.9827423095703,-79.92718505859375,1531.7545166015625,0.1668776571750641,-0.9243699312210083,0.3430628180503845,-0.975352942943573,-0.20570625364780426,-0.07982227206230164,0.14435547590255737,-0.32128676772117615,-0.9359146952629089
300,1648819970.2040558,172.0919647216797,89.28241729736328,1361.1142578125,0.9505237340927124,0.30469730496406555,0.06053212657570839,0.2966015040874481,-0.9480757117271423,0.11480402946472168,0.09236951917409897,-0.09117003530263901,-0.9915421605110168
4,1648819970.2040644,133.65060424804688,-80.03038787841797,1531.7911376953125,0.1640835702419281,-0.9254876971244812,0.3413929343223572,-0.9758337140083313,-0.20291690528392792,-0.08107613772153854,0.1443093717098236,-0.3198394775390625,-0.9364174008369446
300,1648819970.2340407,172.0927276611328,89.2702407836914,1361.0960693359375,0.9505385160446167,0.3046649992465973,0.06046295166015625,0.29651784896850586,-0.9480265974998474,0.11542416363954544,0.0924861878156662,-0.09178677201271057,-0.9914743900299072
4,1648819970.2340503,133.79705810546875,-80.02352142333984,1532.0726318359375,0.16529570519924164,-0.92482590675354,0.342599481344223,-0.975399911403656,-0.2046695351600647,-0.08188646286725998,0.14585039019584656,-0.3206360340118408,-0.9359060525894165
300,1648819970.264857,172.09056091308594,89.25236511230469,1361.0606689453125,0.9504827260971069,0.3047792911529541,0.06076362729072571,0.29664871096611023,-0.9480436444282532,0.11494703590869904,0.09264004975557327,-0.09122972190380096,-0.9915114641189575
4,1648819970.264865,134.1695556640625,-79.96003723144531,1532.3238525390625,0.1675783097743988,-0.9234841465950012,0.3451007306575775,-0.9747576117515564,-0.2075919508934021,-0.08217786252498627,0.14753009378910065,-0.3226183354854584,-0.9349611401557922
300,1648819970.2948368,172.09420776367188,89.25469970703125,1361.0721435546875,0.950506865978241,0.3047054708003998,0.060755655169487,0.2966277599334717,-0.9481174945831299,0.11439040303230286,0.09245888143777847,-0.09070704877376556,-0.9915763139724731
4,1648819970.2948444,134.54014587402344,-79.88011932373047,1532.5482177734375,0.17100290954113007,-0.9228235483169556,0.3451879024505615,-0.97392737865448,-0.2113298624753952,-0.08249349892139435,0.1490754634141922,-0.3220813274383545,-0.9349011182785034
300,1648819970.3249063,172.0951385498047,89.23262023925781,1361.064453125,0.9504007697105408,0.3048844337463379,0.06151266023516655,0.29668930172920227,-0.9480365514755249,0.11490074545145035,0.0933476984500885,-0.09095161408185959,-0.9914706349372864
4,1648819970.3249137,135.02804565429688,-79.78738403320312,1532.7264404296875,0.173629492521286,-0.9202765226364136,0.35063353180885315,-0.9730514883995056,-0.21517138183116913,-0.08289775252342224,0.15173515677452087,-0.326790988445282,-0.9328365921974182
300,1648819970.3567321,172.0838623046875,89.25718688964844,1361.100830078125,0.9503677487373352,0.30486252903938293,0.06212857738137245,0.29664579033851624,-0.9480944275856018,0.11453469097614288,0.09382109344005585,-0.09041989594697952,-0.9914745688438416
4,1648819970.3567393,135.28970336914062,-79.70426940917969,1532.7568359375,0.1760922372341156,-0.9198793172836304,0.3504476249217987,-0.9725748896598816,-0.21753811836242676,-0.08231167495250702,0.15195253491401672,-0.3263421356678009,-0.9329583048820496
300,1648819970.3864157,172.08840942382812,89.2316665649414,1361.1192626953125,0.9504324197769165,0.30491191148757935,0.06088510528206825,0.29679787158966064,-0.9480332136154175,0.114647276699543,0.09267842024564743,-0.09089391678571701,-0.9915387034416199
4,1648819970.3864236,135.6197967529297,-79.62071990966797,1532.8133544921875,0.1781754046678543,-0.9187285900115967,0.35240790247917175,-0.9722759127616882,-0.2194921374320984,-0.08063963055610657,0.1514367014169693,-0.32826969027519226,-0.9323657751083374
300,1648819970.4160583,172.0931396484375,89.23888397216797,1361.0986328125,0.9504637718200684,0.3048493266105652,0.060708075761795044,0.29667168855667114,-0.9479688405990601,0.11550294607877731,0.0927603617310524,-0.09177099913358688,-0.9914502501487732
4,1648819970.4160664,135.89065551757812,-79.54098510742188,1532.7564697265625,0.18034064769744873,-0.9173973798751831,0.35476651787757874,-0.9717456698417664,-0.222011998295784,-0.08013155311346054,0.15227490663528442,-0.33029183745384216,-0.9315146803855896
300,1648819970.4461596,172.092529296875,89.25411987304688,1361.095947265625,0.9504507184028625,0.3048979938030243,0.06066812947392464,0.2966229319572449,-0.9478521943092346,0.11658085137605667,0.09304969012737274,-0.092808797955513,-0.9913265109062195
4,1648819970.4461672,136.39599609375,-79.386474609375,1532.8818359375,0.18342581391334534,-0.9162488579750061,0.35615018010139465,-0.9712542295455933,-0.224833682179451,-0.07819879800081253,0.15172411501407623,-0.3315686881542206,-0.9311509132385254
300,1648819970.476911,172.09713745117188,89.24922180175781,1361.08544921875,0.9504519701004028,0.3048669695854187,0.0608045868575573,0.2966831624507904,-0.9479689002037048,0.11547302454710007,0.09284476935863495,-0.0917118638753891,-0.9914478063583374
4,1648819970.476919,136.74960327148438,-79.28954315185547,1532.9835205078125,0.1861717849969864,-0.914817214012146,0.3583984971046448,-0.9706507921218872,-0.2277717888355255,-0.07718158513307571,0.1522401124238968,-0.33351075649261475,-0.9303727746009827
300,1648819970.5087543,172.10769653320312,89.24150085449219,1361.093994140625,0.9504437446594238,0.30486249923706055,0.060955505818128586,0.29671838879585266,-0.9480273723602295,0.11490128934383392,0.09281658381223679,-0.09112059324979782,-0.991504967212677
4,1648819970.5087664,136.845947265625,-79.2706069946289,1533.0606689453125,0.18689756095409393,-0.9143877625465393,0.3591160774230957,-0.9705871939659119,-0.2283443808555603,-0.07628428190946579,0.15175555646419525,-0.3342961370944977,-0.9301700592041016
300,1648819970.5385873,172.10699462890625,89.22930145263672,1361.0831298828125,0.9504203796386719,0.3048631250858307,0.06131495162844658,0.2967022657394409,-0.9480533003807068,0.1147288903594017,0.09310644865036011,-0.09084838628768921,-0.9915027618408203
4,1648819970.538595,136.82093811035156,-79.28516387939453,1532.9981689453125,0.18600386381149292,-0.9141355752944946,0.3602203130722046,-0.970658004283905,-0.2278231680393219,-0.0769394040107727,0.15239958465099335,-0.3353396952152252,-0.9296889901161194
410,1648819970.5386,165.82577514648438,-237.68362426757812,1528.2689208984375,0.19965337216854095,0.9673622250556946,-0.15604111552238464,-0.9732404947280884,0.21426093578338623,0.08303698897361755,0.11376035958528519,0.13528691232204437,0.9842540621757507
300,1648819971.4129527,172.10975646972656,89.19612121582031,1361.1112060546875,0.9503875374794006,0.30501267313957214,0.061080507934093475,0.29689204692840576,-0.9480186104774475,0.1145242378115654,0.09283680468797684,-0.09070808440446854,-0.9915409088134766
4,1648819971.4129596,135.94140625,-79.76082611083984,1534.227783203125,0.1736392378807068,-0.911012589931488,0.37403935194015503,-0.9718040823936462,-0.22002753615379333,-0.0847625657916069,0.15951871871948242,-0.34877488017082214,-0.923531174659729
410,1648819971.412964,147.2407989501953,-204.1121826171875,1527.4775390625,0.17960308492183685,0.9833276867866516,-0.028449170291423798,-0.9731917381286621,0.18182659149169922,0.14084382355213165,0.14366845786571503,0.0023905099369585514,0.9896230101585388
300,1648819971.4422264,172.10426330566406,89.18254852294922,1361.115234375,0.9504296183586121,0.3049643635749817,0.0606655552983284,0.29684603214263916,-0.9479866623878479,0.11490725725889206,0.09255275875329971,-0.09120292961597443,-0.9915220737457275
4,1648819971.442234,136.05836486816406,-79.74217987060547,1534.29541015625,0.17438684403896332,-0.9106049537658691,0.374683678150177,-0.9716578722000122,-0.2208089977502823,-0.08440565317869186,0.15959373116493225,-0.3493451178073883,-0.9233026504516602
410,1648819971.442239,147.5655517578125,-207.72828674316406,1528.05908203125,0.17987357079982758,0.9835000038146973,-0.019318928942084312,-0.9732968807220459,0.1807861179113388,0.14145533740520477,0.14261391758918762,-0.006641024257987738,0.9897561073303223
300,1648819971.4726143,172.10153198242188,89.18502044677734,1361.120361328125,0.9504110813140869,0.3049756586551666,0.06089853122830391,0.2968437969684601,-0.9479975700378418,0.11482296884059906,0.09274987131357193,-0.09105166792869568,-0.9915175437927246
4,1648819971.4726226,136.1231231689453,-79.72945404052734,1534.29296875,0.17454132437705994,-0.9099108576774597,0.37629449367523193,-0.9715513586997986,-0.2212744802236557,-0.08441312611103058,0.16007278859615326,-0.35085582733154297,-0.922646701335907
410,1648819971.4726274,147.6945037841797,-210.7797088623047,1528.5220947265625,0.18057270348072052,0.9834974408149719,-0.011237512342631817,-0.9730190634727478,0.18029387295246124,0.14397239685058594,0.1436225324869156,-0.015063170343637466,0.989517867565155
300,1648819971.5042322,172.10757446289062,89.17387390136719,1361.13427734375,0.9504544138908386,0.3049374520778656,0.06041152775287628,0.29685452580451965,-0.9479996562004089,0.1147780641913414,0.09227024018764496,-0.09115788340568542,-0.9915525317192078
4,1648819971.5042393,135.97447204589844,-79.79212951660156,1534.2889404296875,0.17359960079193115,-0.9110380411148071,0.373995840549469,-0.9716848731040955,-0.22026203572750092,-0.08551696687936783,0.1602862924337387,-0.3485603928565979,-0.9234792590141296
410,1648819971.5042644,147.5108184814453,-213.36489868164062,1528.9935302734375,0.1811537891626358,0.983451783657074,-0.0024313158355653286,-0.9724240303039551,0.1794905960559845,0.1489115059375763,0.14688368141651154,-0.024611614644527435,0.988847553730011
300,1648819971.5346484,172.1106719970703,89.17501831054688,1361.1199951171875,0.9504353404045105,0.30487754940986633,0.06101120263338089,0.296798437833786,-0.9480928778648376,0.11415132880210876,0.09264646470546722,-0.09038542956113815,-0.9915881752967834
4,1648819971.534656,135.8703155517578,-79.83269500732422,1534.326171875,0.17259390652179718,-0.91119384765625,0.3740817606449127,-0.9717945456504822,-0.21948647499084473,-0.08626164495944977,0.16070696711540222,-0.34864237904548645,-0.9233751893043518
410,1648819971.5346608,147.34059143066406,-215.2198486328125,1529.5830078125,0.18139347434043884,0.9834054112434387,0.003187708090990782,-0.9721375703811646,0.178823783993721,0.1515607386827469,0.14847561717033386,-0.030591020360589027,0.9884427785873413
300,1648819971.5647483,172.11074829101562,89.1566390991211,1361.0858154296875,0.9503832459449768,0.3050079345703125,0.061170294880867004,0.2968744933605194,-0.9480181336402893,0.11457371711730957,0.0929364413022995,-0.09072904288768768,-0.991529643535614
4,1648819971.5647602,135.82911682128906,-79.86893463134766,1534.4371337890625,0.17209959030151367,-0.9107658267021179,0.37534967064857483,-0.9718790650367737,-0.2191540151834488,-0.08615428954362869,0.16072575747966766,-0.3499673902988434,-0.9228705763816833
410,1648819971.5647655,147.26608276367188,-216.81747436523438,1530.33349609375,0.18082447350025177,0.983498752117157,0.0057166400365531445,-0.9718732237815857,0.17778928577899933,0.1544456034898758,0.15088070929050446,-0.033483393490314484,0.9879847764968872
300,1648819971.5947995,172.1121063232422,89.16693115234375,1361.07763671875,0.9503964185714722,0.30493706464767456,0.061319563537836075,0.2968721389770508,-0.9481241703033447,0.1136990636587143,0.09280961751937866,-0.08985510468482971,-0.9916211366653442
4,1648819971.5948076,135.75204467773438,-79.9024658203125,1534.56494140625,0.17141802608966827,-0.9110670685768127,0.3749302625656128,-0.9718629121780396,-0.2187776118516922,-0.08728624135255814,0.16154997050762177,-0.34941837191581726,-0.9229346513748169
410,1648819971.5948133,147.17837524414062,-218.41354370117188,1531.1190185546875,0.1803438514471054,0.9835631847381592,0.008922100067138672,-0.9714818596839905,0.17669430375099182,0.15812073647975922,0.15394525229930878,-0.03718376159667969,0.9873794913291931
300,1648819971.6254723,172.11587524414062,89.14808654785156,1361.0545654296875,0.9503148794174194,0.30503877997398376,0.06207231804728508,0.29689323902130127,-0.9481017589569092,0.11383072286844254,0.093573659658432,-0.08974618464708328,-0.9915591478347778
4,1648819971.6254795,135.6671905517578,-79.95867919921875,1534.705078125,0.1704893559217453,-0.9113526940345764,0.3746594190597534,-0.9717932343482971,-0.21839027106761932,-0.08901458978652954,0.16294565796852112,-0.3489154577255249,-0.9228795766830444
410,1648819971.6254842,147.08592224121094,-220.40402221679688,1531.8299560546875,0.17874497175216675,0.9838235378265381,0.011894055642187595,-0.9715164303779602,0.17457158863544464,0.16025157272815704,0.15558290481567383,-0.04019943252205849,0.9870045185089111
300,1648819971.6566353,172.10543823242188,89.16371154785156,1361.039794921875,0.9503208994865417,0.3050210773944855,0.062067531049251556,0.29684898257255554,-0.9480811953544617,0.1141173243522644,0.09365324676036835,-0.09002339094877243,-0.9915265440940857
4,1648819971.6566436,135.53738403320312,-80.01160430908203,1534.835693359375,0.16906212270259857,-0.9112022519111633,0.37567073106765747,-0.971686840057373,-0.21792267262935638,-0.09129321575164795,0.16505375504493713,-0.34960007667541504,-0.9222456812858582
410,1648819971.6566484,147.09698486328125,-222.39695739746094,1532.34716796875,0.17840270698070526,0.9838606119155884,0.013813245110213757,-0.9714417457580566,0.17388410866260529,0.16144728660583496,0.15643972158432007,-0.042221393436193466,0.9867846369743347
300,1648819971.6865513,172.10948181152344,89.15168762207031,1361.0625,0.9503424763679504,0.3049960136413574,0.061859432607889175,0.29687780141830444,-0.9481167793273926,0.11374591290950775,0.09334202110767365,-0.08973287791013718,-0.9915822148323059
4,1648819971.6865592,135.37046813964844,-80.08446502685547,1535.030517578125,0.16763511300086975,-0.9111588001251221,0.3764147460460663,-0.9718252420425415,-0.21690328419208527,-0.09224215149879456,0.16569285094738007,-0.3503463566303253,-0.9218477606773376
410,1648819971.6865647,147.1693115234375,-224.4827423095703,1532.776611328125,0.17805376648902893,0.9839261174201965,0.013647428713738918,-0.9715885519981384,0.17358966171741486,0.16087990999221802,0.15592488646507263,-0.041904959827661514,0.9868796467781067
300,1648819971.7168124,172.10581970214844,89.1674575805664,1361.081298828125,0.950366735458374,0.3049699366092682,0.061615075916051865,0.29682597517967224,-0.9480717182159424,0.11425545811653137,0.09325999021530151,-0.09029562771320343,-0.9915388226509094
4,1648819971.7168202,135.23191833496094,-80.11925506591797,1535.079345703125,0.1664671003818512,-0.9118742942810059,0.3751986622810364,-0.9719564318656921,-0.2158420830965042,-0.09334272146224976,0.16610047221183777,-0.3491382598876953,-0.9222326874732971
410,1648819971.7168252,147.24913024902344,-226.5541534423828,1532.9359130859375,0.1773597151041031,0.9840295910835266,0.015142146497964859,-0.9721252918243408,0.17277517914772034,0.15849655866622925,0.1533491164445877,-0.04283096641302109,0.9872434139251709
300,1648819971.7469351,172.1068878173828,89.14479064941406,1361.08740234375,0.9503272175788879,0.3050800859928131,0.06167953833937645,0.29693976044654846,-0.9480485916137695,0.11415188014507294,0.09330066293478012,-0.09016653150320053,-0.9915467500686646
4,1648819971.7469428,135.1470489501953,-80.15337371826172,1534.9952392578125,0.16603603959083557,-0.9120517373085022,0.3749581575393677,-0.9721572995185852,-0.21514953672885895,-0.09284866601228714,0.1653548628091812,-0.34910207986831665,-0.9223803281784058
410,1648819971.7469475,147.0555419921875,-228.55897521972656,1532.6868896484375,0.1769300401210785,0.983944296836853,0.023438315838575363,-0.9727684259414673,0.1711985319852829,0.15624557435512543,0.1497243344783783,-0.0504445880651474,0.9874401092529297
300,1648819971.776323,172.1031036376953,89.16181945800781,1361.1162109375,0.950400173664093,0.3049951493740082,0.06097077950835228,0.2969001531600952,-0.9480361938476562,0.11435782164335251,0.09268108010292053,-0.09058345854282379,-0.9915668964385986
4,1648819971.776331,134.95777893066406,-80.17372131347656,1534.7503662109375,0.1646028608083725,-0.9123011231422424,0.37498337030410767,-0.9726864695549011,-0.21321511268615723,-0.0917624831199646,0.16366714239120483,-0.34963688254356384,-0.9224787950515747
410,1648819971.7763395,146.4185028076172,-230.37649536132812,1532.080810546875,0.17667341232299805,0.9835684299468994,0.037143997848033905,-0.9733996987342834,0.1690049022436142,0.1546943485736847,0.1458749622106552,-0.06348633766174316,0.9872638583183289
300,1648819971.809031,172.1077117919922,89.15523529052734,1361.10595703125,0.9504139423370361,0.30495041608810425,0.06097990274429321,0.2968495786190033,-0.9480454325675964,0.114412322640419,0.09270180016756058,-0.09063720703125,-0.9915600419044495
4,1648819971.8090389,134.78919982910156,-80.19096374511719,1534.484130859375,0.16343845427036285,-0.9126765131950378,0.3745790719985962,-0.9733263254165649,-0.21113796532154083,-0.08975864201784134,0.16100846230983734,-0.3499176502227783,-0.9228401184082031
410,1648819971.8090444,145.36737060546875,-231.93939208984375,1531.18212890625,0.17609934508800507,0.982852041721344,0.054689232259988785,-0.9742786884307861,0.16608870029449463,0.15230104327201843,0.1406061351299286,-0.08010266721248627,0.986819863319397
300,1648819971.8388045,172.10865783691406,89.15811157226562,1361.11181640625,0.9504523873329163,0.3049261271953583,0.06050058826804161,0.29686862230300903,-0.9480388760566711,0.11441751569509506,0.09224579483270645,-0.09078767150640488,-0.9915887713432312
4,1648819971.8388124,134.6907196044922,-80.19976043701172,1534.2215576171875,0.16262733936309814,-0.913606584072113,0.3726598024368286,-0.9736506938934326,-0.20978593826293945,-0.08941024541854858,0.15986457467079163,-0.34829992055892944,-0.9236506223678589
410,1648819971.8388174,144.26498413085938,-232.93544006347656,1530.335205078125,0.17504291236400604,0.9818925261497498,0.07243675738573074,-0.975134551525116,0.16274084150791168,0.15042619407176971,0.1359139382839203,-0.09696662425994873,0.9859639406204224
300,1648819971.868166,172.11038208007812,89.14904022216797,1361.073974609375,0.9504235982894897,0.3049282133579254,0.06094053387641907,0.2968831956386566,-0.9481021761894226,0.11385347694158554,0.09249498695135117,-0.09011681377887726,-0.9916267395019531
4,1648819971.8681743,134.62689208984375,-80.19673919677734,1534.0179443359375,0.1623048186302185,-0.9135724902153015,0.37288394570350647,-0.9741110801696777,-0.2086140364408493,-0.08710788190364838,0.15736819803714752,-0.34909236431121826,-0.9237801432609558
410,1648819971.868179,143.14895629882812,-233.55963134765625,1529.5767822265625,0.17454323172569275,0.9804322719573975,0.09103398025035858,-0.9759118556976318,0.15996408462524414,0.14834949374198914,0.13088446855545044,-0.11473453789949417,0.9847361445426941
300,1648819971.898751,172.10977172851562,89.1571273803711,1361.067138671875,0.9504095911979675,0.30495092272758484,0.06104586273431778,0.29686716198921204,-0.94806969165802,0.1141655296087265,0.092690609395504,-0.09038149565458298,-0.9915844202041626
4,1648819971.898759,134.5863037109375,-80.17350006103516,1533.855712890625,0.16254043579101562,-0.9139993786811829,0.37173348665237427,-0.9743390679359436,-0.2081288844347,-0.08570703119039536,0.15570464730262756,-0.34826359152793884,-0.9243746399879456
410,1648819971.8987648,142.03936767578125,-233.74839782714844,1528.8580322265625,0.17525066435337067,0.9780083894729614,0.11307889968156815,-0.9763455390930176,0.15787118673324585,0.14773638546466827,0.12663552165031433,-0.13629497587680817,0.9825411438941956
300,1648819971.9285018,172.10906982421875,89.16471099853516,1361.0401611328125,0.9503803253173828,0.3050065040588379,0.061223093420267105,0.2968767583370209,-0.9480283856391907,0.11448284983634949,0.09295924752950668,-0.0906265377998352,-0.9915369153022766
4,1648819971.9285088,134.7937469482422,-80.10044860839844,1533.8001708984375,0.16391189396381378,-0.9135650396347046,0.3721986413002014,-0.9741230607032776,-0.2094167172908783,-0.08502297103404999,0.15561863780021667,-0.34863102436065674,-0.9242506623268127
410,1648819971.9285135,140.8927764892578,-233.63211059570312,1528.1961669921875,0.17464186251163483,0.9754593372344971,0.13408680260181427,-0.9769597053527832,0.15469975769519806,0.14702965319156647,0.1226782575249672,-0.15667493641376495,0.9800015091896057
300,1648819971.9605834,172.1102752685547,89.14871215820312,1361.0865478515625,0.9504306316375732,0.3049696683883667,0.06062251701951027,0.2969015836715698,-0.9480293989181519,0.11441042274236679,0.0923636332154274,-0.09074024856090546,-0.9915821552276611
4,1648819971.9605916,134.97084045410156,-80.0561752319336,1533.8017578125,0.1649392545223236,-0.9126241207122803,0.37404850125312805,-0.9739771485328674,-0.21048103272914886,-0.08406127989292145,0.15544646978378296,-0.35044968128204346,-0.9235916137695312
410,1648819971.9605968,139.48236083984375,-233.24945068359375,1527.7908935546875,0.17513659596443176,0.9715635180473328,0.1593470275402069,-0.977331280708313,0.1520061045885086,0.147369384765625,0.11895699799060822,-0.18154460191726685,0.9761612415313721
300,1648819971.9902096,172.10704040527344,89.150146484375,1361.08447265625,0.9504527449607849,0.3049384355545044,0.06043287366628647,0.2969004809856415,-0.9480462670326233,0.11427337676286697,0.09213950484991074,-0.09066889435052872,-0.991609513759613
4,1648819971.9902172,135.07394409179688,-80.01966857910156,1533.812744140625,0.16578465700149536,-0.9120664596557617,0.3750336170196533,-0.9738976955413818,-0.21121172606945038,-0.08314409852027893,0.15504445135593414,-0.35146036744117737,-0.9232750535011292
410,1648819971.9902225,138.20237731933594,-232.65328979492188,1527.7225341796875,0.17633560299873352,0.9668682813644409,0.18458476662635803,-0.9773802161216736,0.1497400850057602,0.14935140311717987,0.1167633980512619,-0.2067454606294632,0.9714024066925049
300,1648819972.0199406,172.10887145996094,89.1524429321289,1361.080810546875,0.9505106806755066,0.30482375621795654,0.06009905785322189,0.29688385128974915,-0.9481388926506042,0.1135455071926117,0.09159362316131592,-0.0900837779045105,-0.9917134046554565
4,1648819972.0199482,135.2454833984375,-79.9836196899414,1533.8685302734375,0.16682732105255127,-0.9116580486297607,0.37556397914886475,-0.9734938740730286,-0.21273793280124664,-0.0839773416519165,0.15645532310009003,-0.3515995144844055,-0.9229840040206909
410,1648819972.0199533,136.82569885253906,-231.82936096191406,1527.90283203125,0.17578670382499695,0.9622805118560791,0.20764198899269104,-0.9776773452758789,0.14599360525608063,0.151105597615242,0.11509156972169876,-0.2295692265033722,0.9664636254310608
300,1648819972.0507915,172.1129608154297,89.15692901611328,1361.108642578125,0.9504854083061218,0.30491408705711365,0.060040753334760666,0.2968634068965912,-0.9479944705963135,0.11479782313108444,0.09192177653312683,-0.09128975123167038,-0.9915727972984314
4,1648819972.0507994,135.4829559326172,-79.93035125732422,1534.013916015625,0.16799761354923248,-0.9097710251808167,0.379596471786499,-0.9732933640480042,-0.21419084072113037,-0.08259735256433487,0.1564507633447647,-0.3555825650691986,-0.9214576482772827
410,1648819972.050804,135.32015991210938,-230.72325134277344,1528.2349853515625,0.17455299198627472,0.9572198390960693,0.23078426718711853,-0.9779975414276123,0.14135003089904785,0.1534305065870285,0.11424537003040314,-0.2524881958961487,0.9608317613601685
300,1648819972.0801873,172.1167449951172,89.14717102050781,1361.083251953125,0.9504030346870422,0.30505234003067017,0.06063912436366081,0.2968839406967163,-0.9479068517684937,0.11546659469604492,0.09270359575748444,-0.09173702448606491,-0.9914587140083313
4,1648819972.0801952,135.5158233642578,-79.92884826660156,1534.0787353515625,0.16784119606018066,-0.9099114537239075,0.37932899594306946,-0.9731820821762085,-0.2143346220254898,-0.08353035897016525,0.15730856359004974,-0.35513636469841003,-0.9214836955070496
410,1648819972.0802002,133.41839599609375,-229.34042358398438,1528.442138671875,0.17511019110679626,0.9503620266914368,0.25719326734542847,-0.9777557253837585,0.1372295320034027,0.15862487256526947,0.11545655131340027,-0.27924904227256775,0.9532521963119507
300,1648819972.112178,172.11708068847656,89.14063262939453,1361.07080078125,0.9504110813140869,0.30507147312164307,0.06041676923632622,0.2969459891319275,-0.9479166865348816,0.11522603780031204,0.0924222394824028,-0.09157159179449081,-0.9915002584457397
4,1648819972.1121857,135.400390625,-79.95235443115234,1534.02099609375,0.16711504757404327,-0.910118043422699,0.3791539967060089,-0.9735299944877625,-0.2131395936012268,-0.08252761512994766,0.15592260658740997,-0.35532617568969727,-0.9216460585594177
410,1648819972.1121905,130.8619842529297,-227.7086944580078,1528.8223876953125,0.17527268826961517,0.9398564100265503,0.29317134618759155,-0.9776078462600708,0.13092245161533356,0.1647489070892334,0.11645760387182236,-0.31548258662223816,0.9417581558227539
300,1648819972.142654,172.11288452148438,89.15039825439453,1361.0684814453125,0.9504483342170715,0.3049355149269104,0.06051715463399887,0.2968686521053314,-0.9480286836624146,0.11450150609016418,0.092287577688694,-0.09086211770772934,-0.9915781021118164
4,1648819972.1426616,135.58029174804688,-79.88725280761719,1533.952880859375,0.16706803441047668,-0.9089738726615906,0.38190940022468567,-0.973562479019165,-0.2132890671491623,-0.08175500482320786,0.15577025711536407,-0.3581540286540985,-0.9205766320228577
410,1648819972.1426663,128.23757934570312,-226.35995483398438,1529.197265625,0.1726870834827423,0.9273528456687927,0.33195769786834717,-0.9783545136451721,0.12247656285762787,0.16679897904396057,0.11402446031570435,-0.35357633233070374,0.9284299612045288
300,1648819972.1729233,172.1144256591797,89.1423110961914,1361.06787109375,0.9504846334457397,0.30487528443336487,0.06024984270334244,0.29688093066215515,-0.9480870962142944,0.11398481577634811,0.09187325090169907,-0.09045378863811493,-0.9916538596153259
4,1648819972.1729321,135.37059020996094,-79.9300765991211,1533.7816162109375,0.16673307120800018,-0.9099024534225464,0.3798389434814453,-0.9740188717842102,-0.21187178790569305,-0.07998521625995636,0.153255894780159,-0.35663411021232605,-0.9215881824493408
410,1648819972.172937,125.10126495361328,-224.95932006835938,1529.4921875,0.1687537133693695,0.9136627316474915,0.36978721618652344,-0.979107141494751,0.11220474541187286,0.16958582401275635,0.11345236003398895,-0.3906795382499695,0.9135086536407471
300,1648819972.2044263,172.11593627929688,89.14142608642578,1361.057373046875,0.9504536390304565,0.3049148917198181,0.0605379119515419,0.2968844175338745,-0.9480733275413513,0.11409047245979309,0.09218226373195648,-0.09046493470668793,-0.9916241765022278
4,1648819972.2044344,135.0950164794922,-79.99879455566406,1533.5263671875,0.16445793211460114,-0.9115847945213318,0.3767847716808319,-0.974353551864624,-0.20961067080497742,-0.08184438943862915,0.15358620882034302,-0.3536616265773773,-0.9226779937744141
410,1648819972.2044394,122.32476806640625,-223.45233154296875,1530.2216796875,0.16669443249702454,0.8997194766998291,0.4033830165863037,-0.9790712594985962,0.10259179770946503,0.1757681667804718,0.11675825715065002,-0.42424026131629944,0.8979909420013428
300,1648819972.2347984,172.11746215820312,89.14807891845703,1361.084228515625,0.9504819512367249,0.30492672324180603,0.06003101170063019,0.29688847064971924,-0.9480017423629761,0.11467310041189194,0.09187639504671097,-0.09117219597101212,-0.9915878176689148
4,1648819972.2348068,134.86557006835938,-80.05494689941406,1533.45947265625,0.16306523978710175,-0.9129420518875122,0.3740943372249603,-0.9748259782791138,-0.20752662420272827,-0.08152901381254196,0.15206579864025116,-0.3513823449611664,-0.923799991607666
410,1648819972.2348115,120.44154357910156,-221.72422790527344,1530.9857177734375,0.16627255082130432,0.8915507793426514,0.42129644751548767,-0.9784767627716064,0.09622090309858322,0.1825508177280426,0.12221579998731613,-0.4425819516181946,0.8883605599403381
300,1648819972.2647753,172.1209259033203,89.1324691772461,1361.0352783203125,0.9503886103630066,0.30500686168670654,0.061092596501111984,0.2969524562358856,-0.9480863809585571,0.11380436271429062,0.09263216704130173,-0.09001677483320236,-0.991623044013977
4,1648819972.2647831,134.85238647460938,-80.0914077758789,1533.6197509765625,0.16251644492149353,-0.9115497469902039,0.37771081924438477,-0.9746933579444885,-0.20786011219024658,-0.08226169645786285,0.1534966379404068,-0.3547833561897278,-0.9222621917724609
410,1648819972.2647882,119.37799835205078,-219.63421630859375,1531.4559326171875,0.16361208260059357,0.8886439204216003,0.42841923236846924,-0.9785244464874268,0.09098958224058151,0.18496154248714447,0.12538325786590576,-0.44948065280914307,0.8844467997550964
300,1648819972.2949884,172.11968994140625,89.13789367675781,1361.016845703125,0.9503104090690613,0.3051098883152008,0.061791129410266876,0.29691773653030396,-0.9480022192001343,0.11459324508905411,0.09354165941476822,-0.09055227041244507,-0.9914888739585876
4,1648819972.2949977,134.9031982421875,-80.1039810180664,1533.9239501953125,0.16285587847232819,-0.9116520881652832,0.37731748819351196,-0.9742773771286011,-0.20896247029304504,-0.08436999469995499,0.15576127171516418,-0.35387173295021057,-0.9222327470779419
410,1648819972.2950032,118.42567443847656,-216.96800231933594,1531.63232421875,0.1620039939880371,0.8860106468200684,0.4344419836997986,-0.9786081910133362,0.08767636120319366,0.18611519038677216,0.1268097460269928,-0.45529988408088684,0.8812612295150757
300,1648819972.3243585,172.11985778808594,89.122314453125,1361.04638671875,0.9503076672554016,0.3051704168319702,0.06153333559632301,0.29694944620132446,-0.9479252099990845,0.115147165954113,0.09346850216388702,-0.09115294367074966,-0.9914407730102539
4,1648819972.3243697,134.7692413330078,-80.17570495605469,1534.1815185546875,0.16193276643753052,-0.9120960831642151,0.3766411542892456,-0.9742368459701538,-0.20848220586776733,-0.08601008355617523,0.15697243809700012,-0.35300981998443604,-0.9223576784133911
410,1648819972.3243747,117.44190979003906,-213.87005615234375,1531.591064453125,0.1621168851852417,0.8841698169708252,0.4381345212459564,-0.9785115122795105,0.08671494573354721,0.1870715618133545,0.12741021811962128,-0.4590471088886261,0.8792282938957214
300,1648819972.3561158,172.11935424804688,89.12223815917969,1361.0516357421875,0.9503592252731323,0.3050755262374878,0.06120705604553223,0.2969779372215271,-0.9480364322662354,0.11415354162454605,0.09285197407007217,-0.09030972421169281,-0.9915758371353149
4,1648819972.356124,134.5484161376953,-80.26042938232422,1534.255126953125,0.159991055727005,-0.9125602841377258,0.37634631991386414,-0.9742503762245178,-0.20733867585659027,-0.08858250081539154,0.15886801481246948,-0.3524831235408783,-0.9222345948219299
410,1648819972.3561287,116.64256286621094,-210.43072509765625,1531.345458984375,0.16205386817455292,0.8839377164840698,0.43862590193748474,-0.978434681892395,0.08624272793531418,0.18769052624702454,0.128078430891037,-0.45958277583122253,0.8788512945175171
300,1648819972.3861365,172.1211700439453,89.12163543701172,1361.05859375,0.9503650665283203,0.3050627112388611,0.06118014082312584,0.29698440432548523,-0.9480560421943665,0.11397375166416168,0.09277134388685226,-0.09014712274074554,-0.9915981888771057
4,1648819972.3861442,134.32569885253906,-80.32542419433594,1534.222900390625,0.1584218591451645,-0.9129607677459717,0.37603870034217834,-0.9745048880577087,-0.20585691928863525,-0.08923660218715668,0.15887969732284546,-0.3523145318031311,-0.9222970008850098
410,1648819972.3861492,116.05722045898438,-207.31378173828125,1530.8792724609375,0.16205261647701263,0.8845219612121582,0.4374469518661499,-0.978210985660553,0.08569549769163132,0.18910199403762817,0.12977764010429382,-0.45855987071990967,0.8791362643241882
300,1648819972.4164364,172.1176300048828,89.12944793701172,1361.0732421875,0.9503928422927856,0.30502498149871826,0.06093604862689972,0.2969144582748413,-0.9480076432228088,0.11455697566270828,0.09271058440208435,-0.0907813310623169,-0.9915460348129272
4,1648819972.416444,134.16744995117188,-80.34575653076172,1534.0594482421875,0.15760840475559235,-0.9135158658027649,0.37503108382225037,-0.9749597311019897,-0.20428402721881866,-0.08787232637405396,0.15688562393188477,-0.35179078578948975,-0.9228380918502808
410,1648819972.4164495,115.58666229248047,-204.27664184570312,1530.3358154296875,0.16129954159259796,0.8870283961296082,0.4326235055923462,-0.9782299995422363,0.08570455759763718,0.18899959325790405,0.1305702030658722,-0.4536908268928528,0.8815418481826782
300,1648819972.4464464,172.1183624267578,89.12351989746094,1361.08740234375,0.9503867626190186,0.30502942204475403,0.061008352786302567,0.2968732416629791,-0.9479700922966003,0.11497362703084946,0.09290443360805511,-0.09115766733884811,-0.9914933443069458
4,1648819972.4464548,134.10890197753906,-80.36522674560547,1533.985107421875,0.15739932656288147,-0.9138432145118713,0.3743208050727844,-0.9750853180885315,-0.20381563901901245,-0.08756598085165024,0.15631401538848877,-0.35121187567710876,-0.9231555461883545
410,1648819972.4464595,114.99756622314453,-201.2328338623047,1529.7637939453125,0.16062840819358826,0.8870981931686401,0.4327300488948822,-0.9783760905265808,0.08522513508796692,0.1884591430425644,0.130302295088768,-0.45364463329315186,0.8816052675247192
300,1648819972.4777844,172.11752319335938,89.12906646728516,1361.100830078125,0.9503675699234009,0.30510056018829346,0.06095140799880028,0.29696452617645264,-0.9479610323905945,0.11481252312660217,0.09280892461538315,-0.09101369976997375,-0.9915155172348022
4,1648819972.4778297,134.10992431640625,-80.35155487060547,1534.013427734375,0.15748605132102966,-0.9143784046173096,0.3729749023914337,-0.9751027226448059,-0.20369669795036316,-0.08764874190092087,0.15611787140369415,-0.34988540410995483,-0.9236922860145569
410,1648819972.4778547,114.48087310791016,-198.24237060546875,1529.229248046875,0.15932518243789673,0.8885341286659241,0.43025878071784973,-0.9788836240768433,0.08564657717943192,0.1856113225221634,0.12807179987430573,-0.4507458209991455,0.8834171295166016
300,1648819972.5085962,172.1186065673828,89.1310043334961,1361.1243896484375,0.950402557849884,0.3050416111946106,0.06070061773061752,0.29698657989501953,-0.948029100894928,0.11419205367565155,0.09237927943468094,-0.09050115197896957,-0.9916025400161743
4,1648819972.5086083,134.06573486328125,-80.36223602294922,1534.0,0.157398983836174,-0.9145082235336304,0.3726932406425476,-0.9752119779586792,-0.2033751755952835,-0.08717865496873856,0.1555221527814865,-0.3497330844402313,-0.923850417137146
410,1648819972.5086162,114.17343139648438,-195.45664978027344,1528.666748046875,0.15880271792411804,0.8911786675453186,0.4249497652053833,-0.9788980484008789,0.08605292439460754,0.18534696102142334,0.1286090910434723,-0.44541609287261963,0.8860384821891785
300,1648819972.538502,172.1211395263672,89.14364624023438,1361.07275390625,0.9503650069236755,0.30502018332481384,0.06139269098639488,0.29696163535118103,-0.948112964630127,0.11355867981910706,0.0928448960185051,-0.0896909162402153,-0.9916326999664307
4,1648819972.5385137,133.93698120117188,-80.38507843017578,1533.884033203125,0.1565423607826233,-0.9150788187980652,0.3716520369052887,-0.975440263748169,-0.20227637887001038,-0.08718131482601166,0.154954195022583,-0.3488767743110657,-0.9242695569992065
410,1648819972.5385213,113.99043273925781,-192.86228942871094,1527.980712890625,0.15884451568126678,0.8941232562065125,0.41870275139808655,-0.9788646697998047,0.08729357272386551,0.1849427968263626,0.12881159782409668,-0.43923047184944153,0.8890917301177979
300,1648819972.5689166,172.10983276367188,89.2093734741211,1361.06884765625,0.9503961205482483,0.3049604892730713,0.06120719388127327,0.2968238890171051,-0.9480341076850891,0.11457296460866928,0.09296673536300659,-0.09072194248437881,-0.9915274381637573
4,1648819972.5689256,134.41470336914062,-80.18269348144531,1533.9276123046875,0.16000637412071228,-0.9127708077430725,0.37582892179489136,-0.974854052066803,-0.2059420645236969,-0.08513195067644119,0.15510495007038116,-0.35275667905807495,-0.9227703809738159
410,1648819972.5689316,114.50130462646484,-191.67913818359375,1527.5130615234375,0.15291619300842285,0.8978610038757324,0.41287076473236084,-0.9799402952194214,0.0837351530790329,0.1808464527130127,0.12780317664146423,-0.4322430491447449,0.8926546573638916
300,1648819972.5999982,172.1172637939453,89.16622924804688,1361.05029296875,0.9503713846206665,0.3049990236759186,0.06139862909913063,0.29688897728919983,-0.9480704069137573,0.114102803170681,0.09301146864891052,-0.09021146595478058,-0.9915698170661926
4,1648819972.6000304,134.36839294433594,-80.22842407226562,1533.7623291015625,0.15936434268951416,-0.9134200811386108,0.3745220899581909,-0.9750263690948486,-0.2050713151693344,-0.08526014536619186,0.15468207001686096,-0.35158151388168335,-0.9232897162437439
410,1648819972.6000535,114.43497467041016,-191.78140258789062,1527.3583984375,0.1540890783071518,0.8995836973190308,0.4086633622646332,-0.9797464609146118,0.08558052778244019,0.18103259801864624,0.12788033485412598,-0.42828163504600525,0.8945509791374207
300,1648819972.6291952,172.12249755859375,89.14861297607422,1361.059814453125,0.9503510594367981,0.30507153272628784,0.06135346740484238,0.2968767583370209,-0.9479601383209229,0.11504661291837692,0.0932580903172493,-0.09112025052309036,-0.9914636015892029
4,1648819972.629203,134.11569213867188,-80.29014587402344,1533.6331787109375,0.1578519493341446,-0.9148396253585815,0.3716869354248047,-0.975544810295105,-0.20278161764144897,-0.08480527251958847,0.15295450389385223,-0.34921059012413025,-0.9244765639305115
410,1648819972.6292083,114.58243560791016,-191.92605590820312,1527.2576904296875,0.15719923377037048,0.900591254234314,0.4052453935146332,-0.9791924357414246,0.0888129323720932,0.18246759474277496,0.12833768129348755,-0.42549699544906616,0.8958134651184082
300,1648819972.6609724,172.1160430908203,89.18240356445312,1361.0557861328125,0.9503430724143982,0.3050229251384735,0.06171765178442001,0.2968418002128601,-0.9480313062667847,0.11454973369836807,0.09345056116580963,-0.09054116904735565,-0.9914985299110413
4,1648819972.6609876,134.1507110595703,-80.24491119384766,1533.615966796875,0.15773940086364746,-0.914249062538147,0.37318480014801025,-0.9755457639694214,-0.20285528898239136,-0.08461827039718628,0.15306468307971954,-0.35071122646331787,-0.9238900542259216
410,1648819972.6609979,115.09761047363281,-191.77548217773438,1526.9453125,0.15722280740737915,0.9024782180786133,0.4010162651538849,-0.9794989824295044,0.09071670472621918,0.17986735701560974,0.1259474903345108,-0.4210742712020874,0.8982391953468323
300,1648819972.6901243,172.11834716796875,89.16094970703125,1361.0489501953125,0.9503378868103027,0.3050622045993805,0.061602890491485596,0.2968829870223999,-0.9480075836181641,0.11463918536901474,0.09337208420038223,-0.09065710753202438,-0.9914953112602234
4,1648819972.6901321,134.21803283691406,-80.24237060546875,1533.6444091796875,0.15859678387641907,-0.9142524600028992,0.3728129267692566,-0.9754543900489807,-0.20350834727287292,-0.08410134166479111,0.15276040136814117,-0.3503238260746002,-0.924087405204773
410,1648819972.6901374,115.56346130371094,-191.67845153808594,1526.673583984375,0.15785342454910278,0.9058765172958374,0.3930266797542572,-0.9796163439750671,0.0935855358839035,0.17774581909179688,0.1242341548204422,-0.4130731523036957,0.902184247970581
300,1648819972.7224343,172.1158447265625,89.18583679199219,1361.0738525390625,0.9503730535507202,0.3050042986869812,0.061346959322690964,0.29680123925209045,-0.9479721188545227,0.1151430532336235,0.09327433258295059,-0.09122099727392197,-0.9914528131484985
4,1648819972.722471,134.298583984375,-80.20985412597656,1533.6484375,0.1588929295539856,-0.9138919711112976,0.3735699951648712,-0.9752833843231201,-0.20413459837436676,-0.08456602692604065,0.15354277193546295,-0.35089966654777527,-0.9237391948699951
410,1648819972.7224903,116.21540832519531,-191.63302612304688,1526.5430908203125,0.1586138904094696,0.9093191027641296,0.3846822679042816,-0.9793963432312012,0.09557908773422241,0.1778973937034607,0.12499792128801346,-0.4049733877182007,0.9057439565658569
300,1648819972.7511747,172.12110900878906,89.16661071777344,1361.0831298828125,0.9503990411758423,0.3049735426902771,0.06109672039747238,0.29684364795684814,-0.9480236172676086,0.11460842937231064,0.09287367016077042,-0.09078756719827652,-0.991530179977417
4,1648819972.751183,134.3595428466797,-80.19522094726562,1533.6988525390625,0.1596832573413849,-0.9137120246887207,0.37367308139801025,-0.9753125905990601,-0.20451520383358002,-0.08329985290765762,0.1525339037179947,-0.35114648938179016,-0.9238125085830688
410,1648819972.7511892,116.75607299804688,-191.638916015625,1526.4886474609375,0.1591009944677353,0.9126060605049133,0.3766126036643982,-0.9791300892829895,0.09699659049510956,0.17859438061714172,0.12645617127418518,-0.39716726541519165,0.9089922904968262
300,1648819972.7810683,172.12203979492188,89.17048645019531,1361.0704345703125,0.9503495097160339,0.3050452172756195,0.061508357524871826,0.2968514859676361,-0.9479876160621643,0.11488541215658188,0.09335440397262573,-0.09092244505882263,-0.9914726614952087
4,1648819972.7810829,134.32022094726562,-80.19959259033203,1533.6536865234375,0.15956498682498932,-0.9139575958251953,0.3731226921081543,-0.9753503799438477,-0.2043127566576004,-0.0833543986082077,0.15241611003875732,-0.3506248891353607,-0.924030065536499
410,1648819972.7810936,117.03857421875,-191.67747497558594,1526.43212890625,0.1586725413799286,0.9151090383529663,0.3706730008125305,-0.9789338111877441,0.09695421904325485,0.17969000339508057,0.1284976303577423,-0.39137619733810425,0.9112151265144348
300,1648819972.8137481,172.1219482421875,89.15789794921875,1361.06884765625,0.9503868818283081,0.30500227212905884,0.06114247813820839,0.29687243700027466,-0.9480201601982117,0.11456237733364105,0.09290608763694763,-0.0907270610332489,-0.9915326833724976
4,1648819972.8137684,134.2493896484375,-80.22930908203125,1533.6304931640625,0.15893101692199707,-0.9140835404396057,0.37308478355407715,-0.9754977226257324,-0.20361913740634918,-0.0833270475268364,0.15213508903980255,-0.35070011019706726,-0.9240478277206421
410,1648819972.8137825,117.19007110595703,-191.7310791015625,1526.4554443359375,0.15850889682769775,0.9171866774559021,0.36557283997535706,-0.9787793755531311,0.09726448357105255,0.1803622990846634,0.12986865639686584,-0.3864041864871979,0.9131407141685486
300,1648819972.8424606,172.11697387695312,89.16216278076172,1361.0794677734375,0.9504161477088928,0.30495065450668335,0.0609450563788414,0.2968164384365082,-0.9480085372924805,0.11480329185724258,0.0927857756614685,-0.09102141112089157,-0.9915169477462769
4,1648819972.8424697,134.25173950195312,-80.23196411132812,1533.628662109375,0.15870442986488342,-0.9143011569976807,0.3726476728916168,-0.9754276275634766,-0.20361438393592834,-0.08415506035089493,0.15281949937343597,-0.35013505816459656,-0.9241491556167603
410,1648819972.8424752,117.39321899414062,-191.74298095703125,1526.4283447265625,0.15905103087425232,0.9189268350601196,0.3609379529953003,-0.9786123037338257,0.09843119978904724,0.18063555657863617,0.13046330213546753,-0.3819486200809479,0.9149287343025208
300,1648819972.8722484,172.1171112060547,89.1624526977539,1361.08154296875,0.9503892660140991,0.30500271916389465,0.061103131622076035,0.296892911195755,-0.948034942150116,0.1143869087100029,0.09281621873378754,-0.09057100117206573,-0.991555392742157
4,1648819972.8722572,134.27687072753906,-80.21991729736328,1533.59521484375,0.15882936120033264,-0.9140964150428772,0.3730965256690979,-0.975426197052002,-0.20372848212718964,-0.08389560878276825,0.1526990681886673,-0.35060301423072815,-0.9239916205406189
410,1648819972.8722627,117.71521759033203,-191.75575256347656,1526.38916015625,0.15969090163707733,0.9203709959983826,0.35695376992225647,-0.9783244132995605,0.09926187992095947,0.18173711001873016,0.13183365762233734,-0.37823837995529175,0.9162726998329163
300,1648819972.9058204,172.11671447753906,89.15232849121094,1361.0814208984375,0.9504085183143616,0.30499589443206787,0.06083694100379944,0.29690346121788025,-0.948022723197937,0.11446094512939453,0.09258491545915604,-0.0907219648361206,-0.9915632009506226
4,1648819972.9058466,134.27044677734375,-80.22421264648438,1533.566650390625,0.15890920162200928,-0.9144735932350159,0.3721368908882141,-0.975494384765625,-0.2035282552242279,-0.08358800411224365,0.15217939019203186,-0.3497345447540283,-0.9244064092636108
410,1648819972.9058654,118.26763916015625,-191.79649353027344,1526.406005859375,0.16146674752235413,0.9233319163322449,0.3484058678150177,-0.9779912233352661,0.10243771970272064,0.1817680448293686,0.1321423351764679,-0.3700873851776123,0.9195508360862732
300,1648819972.9358146,172.11630249023438,89.14462280273438,1361.0577392578125,0.950347900390625,0.30511754751205444,0.06117340177297592,0.2969260513782501,-0.9479277729988098,0.11518638581037521,0.0931333526968956,-0.09130315482616425,-0.9914584755897522
4,1648819972.9358232,134.1856231689453,-80.24152374267578,1533.5146484375,0.1584305465221405,-0.9140245318412781,0.3734419643878937,-0.97577965259552,-0.20272186398506165,-0.08220675587654114,0.15084384381771088,-0.35137298703193665,-0.9240038990974426
410,1648819972.9358292,118.85444641113281,-191.79714965820312,1526.3436279296875,0.16377228498458862,0.9260693192481995,0.33996209502220154,-0.9775307178497314,0.10598240047693253,0.18221262097358704,0.1327115297317505,-0.36216476559638977,0.9226182103157043
300,1648819972.964198,172.12030029296875,89.13024139404297,1361.0450439453125,0.9503567814826965,0.30504849553108215,0.06137892231345177,0.29695045948028564,-0.948064386844635,0.11399257183074951,0.09296444058418274,-0.09010712057352066,-0.9915837645530701
4,1648819972.964206,134.0840301513672,-80.2806625366211,1533.5013427734375,0.15763066709041595,-0.9143301844596863,0.37303200364112854,-0.9759634137153625,-0.20181529223918915,-0.08225584775209427,0.1504925638437271,-0.35109952092170715,-0.9241650700569153
410,1648819972.964211,119.20036315917969,-191.80885314941406,1526.2286376953125,0.16604098677635193,0.927172839641571,0.33582863211631775,-0.977146327495575,0.10885930806398392,0.18257805705070496,0.1327233463525772,-0.3584691286087036,0.9240586757659912
300,1648819972.994311,172.1182861328125,89.13385009765625,1361.069091796875,0.9504138231277466,0.30498287081718445,0.06081967055797577,0.29695576429367065,-0.9480885863304138,0.11377737671136856,0.09236259013414383,-0.09007483720779419,-0.9916428923606873
4,1648819972.9943194,133.90957641601562,-80.33551025390625,1533.49609375,0.15629224479198456,-0.9147087931632996,0.3726668059825897,-0.9762330055236816,-0.2004116326570511,-0.08248824626207352,0.1501394808292389,-0.35091736912727356,-0.9242916703224182
410,1648819972.994325,119.4546127319336,-191.84085083007812,1526.16162109375,0.16864757239818573,0.9280762672424316,0.33201271295547485,-0.9767319560050964,0.11207646876573563,0.18284834921360016,0.13248640298843384,-0.3551243543624878,0.9253832101821899
300,1648819973.0257041,172.11520385742188,89.13788604736328,1361.095947265625,0.95045405626297,0.30494192242622375,0.06039414554834366,0.29690900444984436,-0.948045551776886,0.11425721645355225,0.09209821373224258,-0.09066467732191086,-0.9916137456893921
4,1648819973.0257301,133.8545684814453,-80.35208892822266,1533.467529296875,0.15523815155029297,-0.9143869280815125,0.3738952875137329,-0.9761649966239929,-0.20009426772594452,-0.08404899388551712,0.15166760981082916,-0.35193586349487305,-0.9236547350883484
410,1648819973.0257483,119.74202728271484,-192.1829833984375,1526.0775146484375,0.1699206382036209,0.9277886152267456,0.33216750621795654,-0.9765599966049194,0.11333921551704407,0.18298859894275665,0.13212713599205017,-0.3554750382900238,0.925299882888794
300,1648819973.058609,172.1175994873047,89.14846801757812,1361.1102294921875,0.9504093527793884,0.305029958486557,0.060653336346149445,0.2968447208404541,-0.947898805141449,0.11563310772180557,0.09276478737592697,-0.09189415723085403,-0.9914384484291077
4,1648819973.0586185,133.89044189453125,-80.33895874023438,1533.51025390625,0.1552669107913971,-0.9145384430885315,0.37351250648498535,-0.9761388897895813,-0.20013557374477386,-0.08425317704677582,0.15180590748786926,-0.3515183627605438,-0.9237909913063049
410,1648819973.0586252,120.07889556884766,-193.47817993164062,1526.0791015625,0.17133654654026031,0.9265990853309631,0.3347505033016205,-0.9767438769340515,0.11530368030071259,0.18076637387275696,0.12889999151229858,-0.35793739557266235,0.9248057007789612
300,1648819973.0868392,172.1179656982422,89.14073181152344,1361.105224609375,0.9503828883171082,0.3051047623157501,0.060691025108098984,0.29697248339653015,-0.9479324817657471,0.11502744257450104,0.0926264151930809,-0.09129654616117477,-0.9915065765380859
4,1648819973.0868597,134.07916259765625,-80.30052947998047,1533.651123046875,0.1563262939453125,-0.913193941116333,0.37634941935539246,-0.9759266972541809,-0.20147965848445892,-0.08350487798452377,0.1520829051733017,-0.35423544049263,-0.9227069020271301
410,1648819973.0868752,120.48402404785156,-195.05697631835938,1526.184814453125,0.17157591879367828,0.9261088967323303,0.33598217368125916,-0.9769318103790283,0.11592651903629303,0.1793469786643982,0.12714558839797974,-0.3590032756328583,0.9246354103088379
300,1648819973.118199,172.11830139160156,89.15069580078125,1361.1107177734375,0.9504321813583374,0.30497249960899353,0.06058396026492119,0.296881765127182,-0.9480016827583313,0.11469116806983948,0.0924113467335701,-0.09101990610361099,-0.9915520548820496
4,1648819973.1182246,134.3084259033203,-80.24915313720703,1533.7701416015625,0.15761896967887878,-0.9120846390724182,0.3784942328929901,-0.9754430055618286,-0.2035156935453415,-0.08421583473682404,0.15384148061275482,-0.3559255599975586,-0.9217644929885864
410,1648819973.118244,121.15151977539062,-197.31639099121094,1526.477294921875,0.17240136861801147,0.925775408744812,0.33647826313972473,-0.9769400358200073,0.11701969802379608,0.1785905361175537,0.12596014142036438,-0.35950833559036255,0.9246014356613159
300,1648819973.147543,172.1190948486328,89.15065002441406,1361.1031494140625,0.9504450559616089,0.30493423342704773,0.060574937611818314,0.2968851625919342,-0.9480534195899963,0.11425362527370453,0.09226811677217484,-0.09060799330472946,-0.9916031360626221
4,1648819973.1475515,134.54893493652344,-80.19155883789062,1533.8509521484375,0.15904955565929413,-0.9110372066497803,0.3804134428501129,-0.9750558137893677,-0.20537680387496948,-0.08418135344982147,0.15482044219970703,-0.35753533244132996,-0.9209772348403931
410,1648819973.147558,122.02496337890625,-200.2317352294922,1526.9422607421875,0.172465518116951,0.9269894361495972,0.3330858647823334,-0.9767844676971436,0.11732547730207443,0.17923954129219055,0.12707370519638062,-0.35626575350761414,0.9257035255432129
300,1648819973.1761017,172.12025451660156,89.15122985839844,1361.0726318359375,0.9503984451293945,0.30500251054763794,0.060961008071899414,0.29690679907798767,-0.9480320811271667,0.11437473446130753,0.09267757087945938,-0.0906018316745758,-0.9915655255317688
4,1648819973.176112,134.68365478515625,-80.16191864013672,1533.8720703125,0.15978138148784637,-0.9115606546401978,0.37884965538978577,-0.9748265147209167,-0.20616185665130615,-0.08491470664739609,0.15550924837589264,-0.3557448983192444,-0.9215543270111084
410,1648819973.1761172,122.6707534790039,-202.60719299316406,1527.388427734375,0.17233113944530487,0.9269974231719971,0.3331332802772522,-0.9767365455627441,0.11699306219816208,0.17971743643283844,0.1276233196258545,-0.35635435581207275,0.9255937933921814
300,1648819973.210533,172.1194610595703,89.16658020019531,1361.12109375,0.9504397511482239,0.30496495962142944,0.06050347536802292,0.29688742756843567,-0.9480074048042297,0.11462879180908203,0.09231550991535187,-0.09098504483699799,-0.9915642142295837
4,1648819973.2105598,134.74917602539062,-80.14195251464844,1533.9315185546875,0.16070103645324707,-0.9111433029174805,0.37946414947509766,-0.9747170805931091,-0.20697569847106934,-0.08418837189674377,0.1552475243806839,-0.35634100437164307,-0.9213681817054749
410,1648819973.2105787,123.39872741699219,-204.91574096679688,1527.833740234375,0.17177355289459229,0.9288872480392456,0.32811930775642395,-0.976716160774231,0.11712665855884552,0.17974114418029785,0.12852774560451508,-0.3513542115688324,0.9273784756660461
300,1648819973.2405996,172.1190948486328,89.1528549194336,1361.0955810546875,0.9504275918006897,0.30497506260871887,0.060642898082733154,0.2968688905239105,-0.9479926824569702,0.11479884386062622,0.09249980747699738,-0.09110499918460846,-0.991536021232605
4,1648819973.2406082,134.87786865234375,-80.13774108886719,1534.026611328125,0.16096192598342896,-0.9103219509124756,0.38132035732269287,-0.9742434620857239,-0.20837260782718658,-0.08620060235261917,0.1579270213842392,-0.3576238751411438,-0.9204152226448059
410,1648819973.2406144,123.68644714355469,-206.05906677246094,1528.022705078125,0.17105591297149658,0.9294866919517517,0.3267941176891327,-0.9768323302268982,0.11669889092445374,0.17938777804374695,0.1286020427942276,-0.34990841150283813,0.9279146790504456
300,1648819973.269162,172.11390686035156,89.16520690917969,1361.1011962890625,0.9504678845405579,0.304915189743042,0.0603116974234581,0.296848863363266,-0.9480111002922058,0.11469854414463043,0.09214948117733002,-0.09111382812261581,-0.991567850112915
4,1648819973.269186,134.8678741455078,-80.1209487915039,1534.0887451171875,0.16109248995780945,-0.910412073135376,0.38104990124702454,-0.9743326306343079,-0.20821672677993774,-0.08556719124317169,0.15724237263202667,-0.3574851155281067,-0.920586347579956
410,1648819973.2692056,123.61527252197266,-206.07147216796875,1528.0445556640625,0.17072461545467377,0.9291948080062866,0.3277958631515503,-0.9770171046257019,0.11654935032129288,0.17847639322280884,0.1276349425315857,-0.3507324755191803,0.9277370572090149
300,1648819973.2999225,172.1173553466797,89.16043090820312,1361.0771484375,0.9504121541976929,0.3049718737602234,0.060900527983903885,0.2969154715538025,-0.9480728507041931,0.11401330679655075,0.09250898659229279,-0.09027732163667679,-0.9916108846664429
4,1648819973.2999432,134.7859649658203,-80.13494110107422,1534.0135498046875,0.16062983870506287,-0.9104134440422058,0.38124188780784607,-0.974546492099762,-0.2074926346540451,-0.08488798141479492,0.1563880443572998,-0.3579023778438568,-0.9205697774887085
410,1648819973.2999578,123.41561889648438,-205.52877807617188,1527.946533203125,0.17098526656627655,0.9290122389793396,0.32817724347114563,-0.9769137501716614,0.11655616015195847,0.1790366917848587,0.1280761957168579,-0.3512135148048401,0.9274942278862
300,1648819973.3325062,172.11769104003906,89.17399597167969,1361.1317138671875,0.9504840970039368,0.3048699200153351,0.060285452753305435,0.29682138562202454,-0.9480395913124084,0.1145339161157608,0.09207093715667725,-0.09096865355968475,-0.9915884733200073
4,1648819973.332521,134.6534881591797,-80.18267822265625,1533.998291015625,0.159024178981781,-0.9105592370033264,0.38156673312187195,-0.9746827483177185,-0.20632655918598175,-0.08615648001432419,0.15717792510986328,-0.35820552706718445,-0.9203172922134399
410,1648819973.3325303,123.08465576171875,-204.445068359375,1527.845703125,0.1713116317987442,0.9288796186447144,0.32838237285614014,-0.976605236530304,0.11613044142723083,0.18098607659339905,0.12997908890247345,-0.3517049551010132,0.9270431995391846
300,1648819973.3600237,172.1167449951172,89.16727447509766,1361.048583984375,0.9503581523895264,0.3049907386302948,0.0616447851061821,0.29681918025016785,-0.9480420351028442,0.11451924592256546,0.09336915612220764,-0.0905369371175766,-0.9915065765380859
4,1648819973.3600323,134.5382080078125,-80.21929168701172,1533.9947509765625,0.15825128555297852,-0.9110741019248962,0.38065794110298157,-0.9747716784477234,-0.2056083381175995,-0.08686425536870956,0.15740621089935303,-0.35730817914009094,-0.9206270575523376
410,1648819973.3600376,122.61219787597656,-203.13070678710938,1527.76806640625,0.17140167951583862,0.9279062747955322,0.33107617497444153,-0.9766703844070435,0.11590830981731415,0.18077681958675385,0.12936946749687195,-0.3543377220630646,0.9261254072189331
300,1648819973.3910005,172.11541748046875,89.17408752441406,1361.0841064453125,0.9503656625747681,0.30500078201293945,0.06147843971848488,0.29682326316833496,-0.9480136632919312,0.11474356055259705,0.09327927976846695,-0.09080011397600174,-0.9914909601211548
4,1648819973.3910136,134.4712677001953,-80.24542999267578,1534.0673828125,0.15765519440174103,-0.9107226729393005,0.38174477219581604,-0.9747663140296936,-0.20539164543151855,-0.08743496984243393,0.15803620219230652,-0.35832738876342773,-0.9201228618621826
410,1648819973.3910236,122.18286895751953,-201.6443328857422,1527.64697265625,0.1711551547050476,0.927535355091095,0.3322409987449646,-0.9768168926239014,0.11574071645736694,0.18009108304977417,0.1285870373249054,-0.3553621172904968,0.9258418679237366
300,1648819973.4202085,172.12008666992188,89.15911865234375,1361.094482421875,0.9503849148750305,0.3049282133579254,0.06154094636440277,0.2967973053455353,-0.9480887055397034,0.11418906599283218,0.09316574037075043,-0.09025837481021881,-0.9915511012077332
4,1648819973.4202206,134.40699768066406,-80.27250671386719,1534.0946044921875,0.15723641216754913,-0.9110029935836792,0.3812483251094818,-0.9748303890228271,-0.2049642950296402,-0.087723009288311,0.15805821120738983,-0.35785919427871704,-0.9203012585639954
410,1648819973.4202259,121.79301452636719,-200.25904846191406,1527.488525390625,0.17116278409957886,0.9277873039245605,0.3315327763557434,-0.976655900478363,0.11544663459062576,0.1811501532793045,0.12979447841644287,-0.3547995984554291,0.9258891344070435
300,1648819973.4522915,172.11460876464844,89.1760025024414,1361.1197509765625,0.9504331350326538,0.3049275875091553,0.06079471483826637,0.2968079149723053,-0.948012113571167,0.11479571461677551,0.09263850748538971,-0.0910612940788269,-0.9915270805358887
4,1648819973.4523199,134.3452911376953,-80.27293395996094,1534.1253662109375,0.156675785779953,-0.9115236401557922,0.3802332878112793,-0.9750648736953735,-0.20402051508426666,-0.08731601387262344,0.1571660041809082,-0.35707181692123413,-0.9207597970962524
410,1648819973.4523375,121.45785522460938,-199.1455078125,1527.4517822265625,0.17054489254951477,0.9273641705513,0.33303168416023254,-0.9766841530799866,0.1143709197640419,0.1816793978214264,0.1303938329219818,-0.35625123977661133,0.9252472519874573
300,1648819973.480806,172.10826110839844,89.16273498535156,1361.1363525390625,0.9504463076591492,0.3049677312374115,0.060386527329683304,0.2968529760837555,-0.9479557871818542,0.11514373868703842,0.09235888719558716,-0.09151201695203781,-0.9915116429328918
4,1648819973.480816,134.22921752929688,-80.30409240722656,1534.1376953125,0.15618568658828735,-0.911771297454834,0.3798408806324005,-0.9751840829849243,-0.2034367173910141,-0.08734703809022903,0.1569141149520874,-0.35677242279052734,-0.9209187626838684
410,1648819973.4808228,121.15328979492188,-198.3339385986328,1527.4263916015625,0.1699950397014618,0.9274393320083618,0.3331035077571869,-0.976765513420105,0.11381524056196213,0.18159089982509613,0.13050228357315063,-0.3562335669994354,0.9252387881278992
300,1648819973.5146575,172.10975646972656,89.18518829345703,1361.10107421875,0.9504043459892273,0.30494165420532227,0.06117356941103935,0.296840637922287,-0.9480707049369812,0.11422593146562576,0.09282911568880081,-0.0904020145535469,-0.9915695786476135
4,1648819973.5146832,133.97933959960938,-80.3599853515625,1534.040283203125,0.15380814671516418,-0.9120059013366699,0.3802476227283478,-0.975397527217865,-0.20164664089679718,-0.0890967920422554,0.15793246030807495,-0.35718879103660583,-0.9205832481384277
410,1648819973.5147026,120.78253936767578,-197.76609802246094,1527.3868408203125,0.17010122537612915,0.9269997477531433,0.3342708945274353,-0.9766915440559387,0.11353172361850739,0.1821652501821518,0.1309167891740799,-0.35746610164642334,0.9247046709060669
300,1648819973.5447984,172.10888671875,89.17838287353516,1361.09130859375,0.9504085779190063,0.30493083596229553,0.06116098910570145,0.2968203127384186,-0.948063313961029,0.11434023827314377,0.09285035729408264,-0.0905161201953888,-0.9915571808815002
4,1648819973.544807,133.7675323486328,-80.4076156616211,1533.9449462890625,0.15248903632164001,-0.9129645228385925,0.3784743547439575,-0.9759228825569153,-0.19952937960624695,-0.08810561895370483,0.15595406293869019,-0.35592663288116455,-0.921409010887146
410,1648819973.5448122,120.44292449951172,-197.53237915039062,1527.3363037109375,0.16960041224956512,0.9267536401748657,0.335206538438797,-0.9768065810203552,0.11296754330396652,0.18189895153045654,0.13070805370807648,-0.35828208923339844,0.9244183897972107
300,1648819973.5726542,172.10791015625,89.18048858642578,1361.072265625,0.950431764125824,0.3048758804798126,0.061074718832969666,0.2968731224536896,-0.9481750130653381,0.11327194422483444,0.09244340658187866,-0.08952581882476807,-0.9916850924491882
4,1648819973.572663,133.63998413085938,-80.44031524658203,1533.8818359375,0.15162228047847748,-0.913177490234375,0.37830883264541626,-0.9761898517608643,-0.1984080821275711,-0.08767877519130707,0.15512581169605255,-0.3560071885585785,-0.9215176701545715
410,1648819973.572668,120.18498992919922,-197.48312377929688,1527.267822265625,0.16878506541252136,0.9266808032989502,0.3358188569545746,-0.9768441915512085,0.11182006448507309,0.1824054718017578,0.1314803659915924,-0.3588300049304962,0.9240962862968445
300,1648819973.6050804,172.1136932373047,89.17776489257812,1361.0706787109375,0.9503821730613708,0.30488210916519165,0.06181162968277931,0.2968367040157318,-0.9482164978981018,0.11301994323730469,0.09306856244802475,-0.08906417340040207,-0.9916682243347168
4,1648819973.6051006,133.45579528808594,-80.48210144042969,1533.8028564453125,0.15045908093452454,-0.9140157103538513,0.37674570083618164,-0.976485013961792,-0.19691506028175354,-0.087757907807827,0.15439900755882263,-0.3546825647354126,-0.9221503138542175
410,1648819973.6051157,119.8693618774414,-197.47628784179688,1527.139892578125,0.16724546253681183,0.9269645810127258,0.3358059525489807,-0.9770181179046631,0.11017144471406937,0.18247690796852112,0.13215340673923492,-0.3586069345474243,0.92408686876297
300,1648819973.6359956,172.11473083496094,89.17555236816406,1361.1151123046875,0.9504381418228149,0.3049033284187317,0.06083814427256584,0.29679569602012634,-0.9480366110801697,0.11462481319904327,0.09262627363204956,-0.09088729321956635,-0.9915441870689392
4,1648819973.6360056,133.20932006835938,-80.54273223876953,1533.71728515625,0.14874054491519928,-0.9145942330360413,0.376023530960083,-0.976879358291626,-0.1949499398469925,-0.08775651454925537,0.1535673588514328,-0.3542766571044922,-0.9224451780319214
410,1648819973.6360116,119.48284912109375,-197.434326171875,1527.057373046875,0.16591088473796844,0.9269205331802368,0.33658868074417114,-0.9774031639099121,0.10923030227422714,0.18097461760044098,0.1309834122657776,-0.3590085208415985,0.9240975379943848
300,1648819973.6643188,172.11575317382812,89.17436218261719,1361.1038818359375,0.9504570364952087,0.3048742413520813,0.06068853661417961,0.29673320055007935,-0.9479949474334717,0.11513005942106247,0.09263261407613754,-0.09141787141561508,-0.9914948344230652
4,1648819973.6643276,132.9564971923828,-80.606201171875,1533.5924072265625,0.1466134786605835,-0.9152763485908508,0.3751981854438782,-0.9770674109458923,-0.193203404545784,-0.08950802683830261,0.15441414713859558,-0.3534708619117737,-0.9226129055023193
410,1648819973.6643329,118.97452545166016,-197.35118103027344,1526.9002685546875,0.1646178811788559,0.9262157678604126,0.33915385603904724,-0.9777488112449646,0.10790237039327621,0.1799008548259735,0.1300314962863922,-0.36122217774391174,0.9233690500259399
300,1648819973.6941638,172.11505126953125,89.1655044555664,1361.0948486328125,0.9504496455192566,0.3049495220184326,0.060425274074077606,0.29688435792922974,-0.9480150938034058,0.1145731583237648,0.09222310781478882,-0.09095670282840729,-0.9915754199028015
4,1648819973.694172,132.73001098632812,-80.64754486083984,1533.4873046875,0.14519818127155304,-0.9159150123596191,0.37418869137763977,-0.9776329398155212,-0.19097580015659332,-0.0881028026342392,0.15215565264225006,-0.353026807308197,-0.9231579899787903
410,1648819973.6941776,118.4631576538086,-197.24484252929688,1526.7655029296875,0.16271595656871796,0.9261451363563538,0.3402627110481262,-0.9782025218009949,0.10633198916912079,0.17836308479309082,0.12900929152965546,-0.36186835169792175,0.9232593774795532
300,1648819973.7261846,172.11273193359375,89.17768859863281,1361.07763671875,0.9504371881484985,0.3048754930496216,0.06099255010485649,0.29683390259742737,-0.9481279253959656,0.11376774311065674,0.09251373261213303,-0.0900244414806366,-0.991633415222168
4,1648819973.7262118,132.52357482910156,-80.68264770507812,1533.33349609375,0.14369742572307587,-0.9166526794433594,0.37295961380004883,-0.9779432415962219,-0.18925850093364716,-0.08836451917886734,0.15158535540103912,-0.3520355820655823,-0.9236302375793457
410,1648819973.7262306,117.96338653564453,-197.07716369628906,1526.560546875,0.16073621809482574,0.926055908203125,0.3414444327354431,-0.9784526824951172,0.10408387333154678,0.1783168762922287,0.12959253787994385,-0.3627491891384125,0.9228319525718689
300,1648819973.759246,172.11453247070312,89.18135833740234,1361.0679931640625,0.9504204988479614,0.3048756718635559,0.06125089153647423,0.2968168258666992,-0.9481410980224609,0.11370223760604858,0.092739537358284,-0.08988464623689651,-0.9916250109672546
4,1648819973.7592547,132.34445190429688,-80.7064208984375,1533.2039794921875,0.14293213188648224,-0.9170042872428894,0.3723890483379364,-0.9784787893295288,-0.1875009983778,-0.08615496009588242,0.14882777631282806,-0.352060467004776,-0.9240691065788269
410,1648819973.75926,117.4289779663086,-196.69151306152344,1526.33056640625,0.1587681770324707,0.9255232214927673,0.34380146861076355,-0.9788182973861694,0.10196246951818466,0.1775343269109726,0.12925729155540466,-0.3647059500217438,0.922107458114624
300,1648819973.7881696,172.11032104492188,89.17916870117188,1361.07470703125,0.9503674507141113,0.3049831688404083,0.061538711190223694,0.29691827297210693,-0.9481351971626282,0.11348668485879898,0.09295854717493057,-0.08958208560943604,-0.9916318655014038
4,1648819973.7882097,132.2894744873047,-80.70787048339844,1533.0810546875,0.14251656830310822,-0.91755211353302,0.3711968958377838,-0.9785549640655518,-0.18696583807468414,-0.08645173907279968,0.14872510731220245,-0.3509157598018646,-0.9245209097862244
410,1648819973.7882435,117.1833724975586,-196.27232360839844,1526.1351318359375,0.157926544547081,0.9251144528388977,0.3452860414981842,-0.9789878129959106,0.10100600123405457,0.17714600265026093,0.1290043592453003,-0.36600688099861145,0.9216272830963135
300,1648819973.8171422,172.10650634765625,89.18153381347656,1361.079345703125,0.9504113793373108,0.3048933148384094,0.06130464747548103,0.2968578636646271,-0.9481645226478577,0.11339964717626572,0.09270168095827103,-0.08957754820585251,-0.9916563034057617
4,1648819973.817162,132.4125518798828,-80.666259765625,1533.0528564453125,0.14354458451271057,-0.9173420667648315,0.3713199496269226,-0.9784324765205383,-0.1878672093153,-0.0858822613954544,0.14854225516319275,-0.350983589887619,-0.9245246052742004
410,1648819973.8171763,117.18907165527344,-195.72409057617188,1525.92626953125,0.15751580893993378,0.9250588417053223,0.3456224203109741,-0.9791165590286255,0.10074576735496521,0.17658162117004395,0.1285284012556076,-0.36621901392936707,0.9216095209121704
300,1648819973.8468056,172.10617065429688,89.17652893066406,1361.0616455078125,0.9504069685935974,0.30495500564575195,0.06106581166386604,0.2968546450138092,-0.9480545520782471,0.11432350426912308,0.09275724738836288,-0.09052618592977524,-0.9915649890899658
4,1648819973.8468142,132.62957763671875,-80.61137390136719,1533.025634765625,0.14536042511463165,-0.917160153388977,0.3710628151893616,-0.9781121015548706,-0.1896541714668274,-0.08560402691364288,0.14888621866703033,-0.35049760341644287,-0.9246536493301392
410,1648819973.8468192,117.4193115234375,-195.13986206054688,1525.7615966796875,0.1583973467350006,0.9253605604171753,0.3444098234176636,-0.9790067076683044,0.10187207162380219,0.17654453217983246,0.1282816082239151,-0.36514368653297424,0.9220704436302185
300,1648819973.876993,172.0983123779297,89.17107391357422,1361.07470703125,0.950462281703949,0.3048745095729828,0.06060509756207466,0.296857625246048,-0.9481070041656494,0.11387989670038223,0.09217920154333115,-0.09024745970964432,-0.9916442632675171
4,1648819973.877006,132.93617248535156,-80.54234313964844,1533.048095703125,0.14732787013053894,-0.9156256914138794,0.37406429648399353,-0.9776785373687744,-0.19208924472332,-0.0851258784532547,0.14979717135429382,-0.35317322611808777,-0.923487663269043
410,1648819973.8770113,117.79574584960938,-194.60467529296875,1525.634765625,0.16030363738536835,0.9250360727310181,0.34439948201179504,-0.9787965416908264,0.10389620810747147,0.17653018236160278,0.12751498818397522,-0.3653954565525055,0.9220770597457886
300,1648819973.910005,172.09820556640625,89.17329406738281,1361.0936279296875,0.950529158115387,0.3048548996448517,0.05964714288711548,0.2967945337295532,-0.9479556083679199,0.11529580503702164,0.09169133752584457,-0.09188908338546753,-0.9915387630462646
4,1648819973.9100475,133.35317993164062,-80.433837890625,1533.1998291015625,0.15043558180332184,-0.915058434009552,0.3742154538631439,-0.9771628379821777,-0.19508828222751617,-0.08422183245420456,0.15007294714450836,-0.3529994785785675,-0.9235092997550964
410,1648819973.9100754,118.33421325683594,-194.2294158935547,1525.6300048828125,0.16265761852264404,0.9244917631149292,0.3447571098804474,-0.9785841703414917,0.10647895187139511,0.17616823315620422,0.12615670263767242,-0.36602896451950073,0.9220126271247864
300,1648819973.941257,172.10858154296875,89.16462707519531,1361.0648193359375,0.9504048824310303,0.3049705922603607,0.061020515859127045,0.2968340516090393,-0.9480090141296387,0.11475365608930588,0.09284449368715286,-0.09094946086406708,-0.9915180802345276
4,1648819973.9412656,133.7408447265625,-80.34886169433594,1533.342529296875,0.15340577065944672,-0.9139201641082764,0.37578797340393066,-0.9766611456871033,-0.19808293879032135,-0.0830429270863533,0.1503317952156067,-0.3542782664299011,-0.9229773879051208
410,1648819973.9412718,118.94168090820312,-194.1223602294922,1525.7371826171875,0.164715975522995,0.9242076873779297,0.3445414900779724,-0.9782153964042664,0.10832299292087555,0.17708973586559296,0.1263459175825119,-0.3662053048610687,0.9219167232513428
300,1648819973.9689317,172.11279296875,89.16584777832031,1361.0985107421875,0.9503867030143738,0.30499204993247986,0.06119647994637489,0.2968624532222748,-0.9480298757553101,0.11450768262147903,0.09294002503156662,-0.09065964072942734,-0.9915356636047363
4,1648819973.9689395,134.07015991210938,-80.2789306640625,1533.5023193359375,0.15586064755916595,-0.9130744934082031,0.37683215737342834,-0.9760069847106934,-0.2010781615972519,-0.0835338905453682,0.1520453840494156,-0.3547711670398712,-0.9225072264671326
410,1648819973.9689448,119.66252136230469,-194.0888671875,1525.9449462890625,0.16723133623600006,0.9250060319900513,0.3411707878112793,-0.9776431322097778,0.11084374785423279,0.17868301272392273,0.12746621668338776,-0.363424688577652,0.9228623509407043
300,1648819973.9986968,172.11485290527344,89.15438079833984,1361.1112060546875,0.9503976106643677,0.30503049492836,0.06083403900265694,0.29690784215927124,-0.9479820132255554,0.11478623002767563,0.09268287569284439,-0.09103045612573624,-0.9915257692337036
4,1648819973.9987047,134.44471740722656,-80.19564056396484,1533.6898193359375,0.1586989164352417,-0.9114956259727478,0.3794606029987335,-0.9753918051719666,-0.20431746542453766,-0.08285673707723618,0.15305398404598236,-0.35697346925735474,-0.9214903116226196
410,1648819973.99871,120.44137573242188,-194.0384979248047,1526.1943359375,0.1696324348449707,0.9255713820457458,0.33844122290611267,-0.9771263599395752,0.11326877027750015,0.1799839437007904,0.12825317680835724,-0.3612309694290161,0.9236142635345459
300,1648819974.0353913,172.11172485351562,89.162109375,1361.109130859375,0.9503804445266724,0.3050273656845093,0.06111696735024452,0.2968597710132599,-0.9479724168777466,0.11498929560184479,0.09301207959651947,-0.09114041179418564,-0.9914848208427429
4,1648819974.0354323,134.83090209960938,-80.09253692626953,1533.8447265625,0.16172753274440765,-0.9106208086013794,0.38028138875961304,-0.974864661693573,-0.2072669416666031,-0.08172667771577835,0.15324176847934723,-0.3575054407119751,-0.9212528467178345
410,1648819974.0354593,121.30498504638672,-193.9888916015625,1526.3819580078125,0.17248903214931488,0.926683783531189,0.33392322063446045,-0.9764615893363953,0.11629736423492432,0.18165265023708344,0.12950016558170319,-0.35739630460739136,0.9249311089515686
300,1648819974.0628676,172.11282348632812,89.16035461425781,1361.0784912109375,0.9503894448280334,0.30495816469192505,0.06132187694311142,0.29686588048934937,-0.9480913877487183,0.11398866772651672,0.09290051460266113,-0.09012925624847412,-0.9915876984596252
4,1648819974.0628803,135.14321899414062,-80.02587127685547,1533.9598388671875,0.1638459712266922,-0.9099832773208618,0.38090017437934875,-0.9742335677146912,-0.20992860198020935,-0.0824553593993187,0.15499484539031982,-0.35757577419281006,-0.9209322333335876
410,1648819974.062887,121.87671661376953,-193.9464111328125,1526.4761962890625,0.17461930215358734,0.9264294505119324,0.3335215449333191,-0.9758785367012024,0.11775926500558853,0.18383093178272247,0.1310311257839203,-0.35757696628570557,0.9246456623077393
300,1648819974.0901713,172.11595153808594,89.1590576171875,1361.0731201171875,0.9504223465919495,0.3048853874206543,0.061173684895038605,0.296837717294693,-0.9481399655342102,0.11365723609924316,0.09265364706516266,-0.08986372500658035,-0.9916349053382874
4,1648819974.09018,135.41835021972656,-79.95516204833984,1534.0548095703125,0.16631585359573364,-0.9092467427253723,0.3815879225730896,-0.9738612771034241,-0.2121712863445282,-0.08110181242227554,0.1547035574913025,-0.3581252098083496,-0.9207676649093628
410,1648819974.0901854,122.41294860839844,-193.89366149902344,1526.6038818359375,0.17640088498592377,0.9268257021903992,0.33147674798965454,-0.9755539298057556,0.1197793185710907,0.18424826860427856,0.13106197118759155,-0.3558749854564667,0.9252976775169373
300,1648819974.121596,172.11322021484375,89.16268157958984,1361.0838623046875,0.950395405292511,0.3049750328063965,0.0611455999314785,0.2968466281890869,-0.9480303525924683,0.11454501748085022,0.09290125221014023,-0.09071218967437744,-0.9915344715118408
4,1648819974.121622,135.71871948242188,-79.87264251708984,1534.1485595703125,0.16842474043369293,-0.908324122428894,0.38285818696022034,-0.9732965230941772,-0.21470439434051514,-0.08121535927057266,0.1559712141752243,-0.35895586013793945,-0.9202302098274231
410,1648819974.1216462,123.00965881347656,-193.8411407470703,1526.75927734375,0.17803318798542023,0.9274486899375916,0.3288511633872986,-0.9751970767974854,0.12162920832633972,0.18492436408996582,0.1315099447965622,-0.3536173701286316,0.9260993003845215
300,1648819974.1510177,172.11378479003906,89.1543960571289,1361.077392578125,0.9503494501113892,0.305045485496521,0.061507195234298706,0.2968689799308777,-0.9480041265487671,0.1147036999464035,0.09329891949892044,-0.09074902534484863,-0.9914937615394592
4,1648819974.1510267,135.91578674316406,-79.81809997558594,1534.2049560546875,0.17008601129055023,-0.9080726504325867,0.3827202320098877,-0.973055899143219,-0.2161189466714859,-0.08034200221300125,0.1556694656610489,-0.3587431311607361,-0.920364260673523
410,1648819974.1510327,123.57967376708984,-193.84605407714844,1526.8585205078125,0.1799633949995041,0.9281457662582397,0.3258199393749237,-0.9745836853981018,0.12331096082925797,0.18703225255012512,0.13341602683067322,-0.351197749376297,0.9267471432685852
300,1648819974.1804178,172.109619140625,89.1661605834961,1361.105712890625,0.9504295587539673,0.3049573600292206,0.060701679438352585,0.29688316583633423,-0.9480365514755249,0.1143987700343132,0.09243416041135788,-0.09070666134357452,-0.9915786385536194
4,1648819974.180425,136.07745361328125,-79.755615234375,1534.1875,0.17126114666461945,-0.9071473479270935,0.38438689708709717,-0.9728931784629822,-0.21725277602672577,-0.07924692332744598,0.15539775788784027,-0.3603954613208771,-0.9197644591331482
410,1648819974.1804302,123.97937774658203,-193.82357788085938,1526.8955078125,0.1814882457256317,0.9282999634742737,0.3245321810245514,-0.9742136597633362,0.12473567575216293,0.1880127489566803,0.13405148684978485,-0.3502857983112335,0.9270005822181702
300,1648819974.2141345,172.11549377441406,89.1641616821289,1361.1177978515625,0.9504382014274597,0.3049311935901642,0.06069723889231682,0.296807199716568,-0.9479951858520508,0.11493759602308273,0.09258874505758286,-0.09122570604085922,-0.9915165901184082
4,1648819974.2141607,136.27210998535156,-79.7005615234375,1534.2716064453125,0.17292678356170654,-0.9067766070365906,0.3845159113407135,-0.9727065563201904,-0.21855410933494568,-0.07794930785894394,0.15472014248371124,-0.36054161190986633,-0.9198213815689087
410,1648819974.214182,124.2928237915039,-193.76333618164062,1526.883544921875,0.18248115479946136,0.9280863404273987,0.3245863914489746,-0.9740958213806152,0.12580910325050354,0.1879080832004547,0.13355901837348938,-0.3504679203033447,0.9270027875900269
300,1648819974.2459576,172.1129150390625,89.16183471679688,1361.110107421875,0.9504379630088806,0.30495110154151917,0.06060086563229561,0.2968498468399048,-0.9479999542236328,0.11478806287050247,0.09245436638593674,-0.09110958129167557,-0.9915398359298706
