300,1648819648.9325128,171.95155334472656,89.96495056152344,1361.083251953125,0.9508326649665833,0.30361437797546387,0.06111879274249077,0.2953527867794037,-0.9483165740966797,0.11602749675512314,0.09318758547306061,-0.09227113425731659,-0.9913637638092041
4,1648819648.932521,134.2864227294922,-68.01913452148438,1476.955810546875,0.17168468236923218,-0.9487413763999939,0.2653566300868988,-0.9831327795982361,-0.14776372909545898,0.10777675360441208,-0.06304218620061874,-0.27938443422317505,-0.9581075310707092
300,1648819648.9601705,171.95611572265625,89.95848846435547,1361.0816650390625,0.950782835483551,0.3036748766899109,0.06159203127026558,0.2953706681728363,-0.9483128786087036,0.11601216346025467,0.09363849461078644,-0.09210989624261856,-0.9913362860679626
4,1648819648.9601786,134.19468688964844,-68.0363540649414,1476.88671875,0.17088131606578827,-0.9489675760269165,0.2650662660598755,-0.9833585023880005,-0.14741484820842743,0.10618358105421066,-0.0616900734603405,-0.27879995107650757,-0.9583657383918762
300,1648819648.9910362,171.95579528808594,89.97323608398438,1361.058837890625,0.9508352279663086,0.30351775884628296,0.06155725568532944,0.2954009473323822,-0.9485403299331665,0.1140594631433487,0.0930086150765419,-0.09026768803596497,-0.9915649890899658
4,1648819648.9910443,134.03732299804688,-68.0783462524414,1476.906494140625,0.17003551125526428,-0.9495201706886292,0.2636272609233856,-0.983435869216919,-0.1464608609676361,0.10678518563508987,-0.0627836138010025,-0.2774178087711334,-0.9586957693099976
300,1648819649.0202537,171.9546661376953,89.97148895263672,1361.1153564453125,0.9509162306785583,0.30341866612434387,0.06078997999429703,0.29526418447494507,-0.9484432935714722,0.11521437764167786,0.09261403977870941,-0.09161011874675751,-0.9914788007736206
4,1648819649.020261,133.9785919189453,-68.0969467163086,1476.89111328125,0.16919486224651337,-0.9496505260467529,0.26369866728782654,-0.9836850166320801,-0.14611752331256866,0.10494506359100342,-0.06113013997673988,-0.27715256810188293,-0.958879292011261
300,1648819649.050656,171.96078491210938,89.97624206542969,1361.1376953125,0.9509007930755615,0.3034782111644745,0.06073462590575218,0.29515063762664795,-0.9482458233833313,0.11711528897285461,0.09313329309225082,-0.09343915432691574,-0.9912594556808472
4,1648819649.0506644,133.90585327148438,-68.11656951904297,1476.906005859375,0.16876119375228882,-0.9498003721237183,0.26343676447868347,-0.9836887121200562,-0.14541509747505188,0.10588185489177704,-0.06225894019007683,-0.2770085036754608,-0.9588482975959778
300,1648819649.0804284,171.95851135253906,89.9656753540039,1361.0770263671875,0.9508806467056274,0.3034781217575073,0.06104918196797371,0.2952599823474884,-0.9483931660652161,0.1156371608376503,0.09299197047948837,-0.09193175286054611,-0.9914136528968811
4,1648819649.080436,133.84112548828125,-68.1512680053711,1476.9681396484375,0.16848164796829224,-0.9498720765113831,0.2633572220802307,-0.9837256073951721,-0.1451083868741989,0.10595987737178802,-0.06243298202753067,-0.2769235372543335,-0.9588615298271179
300,1648819649.1127396,171.95802307128906,89.96176147460938,1361.1171875,0.9508667588233948,0.3035421371459961,0.060946960002183914,0.2953571677207947,-0.9483939409255981,0.11538218706846237,0.09282508492469788,-0.09171196818351746,-0.9914496541023254
4,1648819649.1127472,133.816650390625,-68.1822280883789,1477.0146484375,0.16814880073070526,-0.9500906467437744,0.26278072595596313,-0.9838236570358276,-0.14503814280033112,0.10514238476753235,-0.06178157031536102,-0.2762094736099243,-0.9591096639633179
300,1648819649.142003,171.95535278320312,89.96639251708984,1361.1302490234375,0.9509175419807434,0.3035055696964264,0.060334332287311554,0.2952421009540558,-0.948252260684967,0.11683198064565659,0.09267132729291916,-0.09328434616327286,-0.9913173317909241
4,1648819649.1420114,133.8095703125,-68.2034912109375,1477.0650634765625,0.16825199127197266,-0.9498453736305237,0.26360023021698,-0.9838709235191345,-0.14533914625644684,0.10428114235401154,-0.06073952093720436,-0.27689412236213684,-0.9589788317680359
300,1648819649.1720698,171.959716796875,89.96223449707031,1361.0626220703125,0.9507948160171509,0.3036266267299652,0.061644479632377625,0.29530394077301025,-0.9483158588409424,0.11615782976150513,0.09372704476118088,-0.0922384113073349,-0.9913159608840942
4,1648819649.1720786,133.80184936523438,-68.2238998413086,1477.1522216796875,0.16825735569000244,-0.9502921104431152,0.2619815766811371,-0.9838273525238037,-0.145329549908638,0.10470452904701233,-0.06142621859908104,-0.27536195516586304,-0.9593761563301086
300,1648819649.2043967,171.9540557861328,89.95975494384766,1361.07470703125,0.9508460760116577,0.3035663366317749,0.06114918738603592,0.29535728693008423,-0.9483869671821594,0.11543948203325272,0.09303662925958633,-0.09170432388782501,-0.9914305210113525
4,1648819649.204405,133.8741912841797,-68.21609497070312,1477.13916015625,0.1685648113489151,-0.949766993522644,0.26368260383605957,-0.9838940501213074,-0.1459818333387375,0.10315883904695511,-0.05948399379849434,-0.2768246829509735,-0.9590775370597839
300,1648819649.2347443,171.9571075439453,89.96400451660156,1361.1236572265625,0.9509422183036804,0.30338385701179504,0.060556359589099884,0.29520124197006226,-0.9483978748321533,0.11574824154376984,0.09254767000675201,-0.09219358116388321,-0.991430938243866
4,1648819649.2347527,133.8295440673828,-68.20561981201172,1477.11865234375,0.16860146820545197,-0.9500212073326111,0.2627417743206024,-0.983767032623291,-0.14556753635406494,0.10494072735309601,-0.061449240893125534,-0.2761698365211487,-0.9591424465179443
300,1648819649.2644193,171.95179748535156,89.97150421142578,1361.145263671875,0.9509906768798828,0.3033420741558075,0.06000302731990814,0.2951952815055847,-0.9483792185783386,0.11591650545597076,0.09206797182559967,-0.09252290427684784,-0.9914448857307434
4,1648819649.2644274,133.6961212158203,-68.18888854980469,1476.959228515625,0.16746918857097626,-0.9503376483917236,0.26232126355171204,-0.9839321374893188,-0.14440730214118958,0.10499575734138489,-0.061900317668914795,-0.27568987011909485,-0.9592515230178833
300,1648819649.294928,171.95777893066406,89.96881103515625,1361.08642578125,0.9508264660835266,0.3035643696784973,0.06146329641342163,0.295265793800354,-0.9483370184898376,0.11608213931322098,0.09352631866931915,-0.09222596138715744,-0.9913360476493835
4,1648819649.2949355,133.58148193359375,-68.15985870361328,1476.837158203125,0.16679175198078156,-0.9506470561027527,0.26163074374198914,-0.9839426279067993,-0.14337867498397827,0.10629870742559433,-0.06354028731584549,-0.27515938878059387,-0.9592965841293335
300,1648819649.3245475,171.9534912109375,89.96980285644531,1361.074462890625,0.9508152604103088,0.3036274313926697,0.06132498383522034,0.29530638456344604,-0.9482786059379578,0.1164550706744194,0.09351212531328201,-0.09261760115623474,-0.9913008809089661
4,1648819649.324555,133.52940368652344,-68.13460540771484,1476.7208251953125,0.16655674576759338,-0.9511597752571106,0.25991135835647583,-0.9838962554931641,-0.1429789513349533,0.10726244002580643,-0.06486186385154724,-0.2735911011695862,-0.9596566557884216
300,1648819649.3563266,171.95587158203125,89.97445678710938,1361.0701904296875,0.9508032202720642,0.30362439155578613,0.06152580678462982,0.2952949106693268,-0.948295533657074,0.11634629964828491,0.09367022663354874,-0.09245418757200241,-0.9913012385368347
4,1648819649.356335,133.41415405273438,-68.14889526367188,1476.6258544921875,0.16553837060928345,-0.9515435099601746,0.2591562569141388,-0.9840967059135437,-0.1422124058008194,0.10643947124481201,-0.06442654877901077,-0.27265462279319763,-0.9599524140357971
300,1648819649.3867037,171.94715881347656,89.99250793457031,1361.0823974609375,0.9508617520332336,0.30355700850486755,0.06095174700021744,0.29525771737098694,-0.9482764601707458,0.1165958121418953,0.09319258481264114,-0.09287001937627792,-0.9913073778152466
4,1648819649.386715,133.38751220703125,-68.15331268310547,1476.634033203125,0.16534827649593353,-0.9516176581382751,0.2590053379535675,-0.9841331243515015,-0.1420668661594391,0.10629657655954361,-0.06435762345790863,-0.27247169613838196,-0.960008978843689
300,1648819649.4168727,171.9549560546875,89.98062896728516,1361.099853515625,0.950847327709198,0.30359506607055664,0.06098728999495506,0.29524707794189453,-0.9482205510139465,0.11707674711942673,0.09337332099676132,-0.09331578761339188,-0.9912484884262085
4,1648819649.4168801,133.444580078125,-68.17704010009766,1476.7144775390625,0.1655251532793045,-0.9510809779167175,0.2608570456504822,-0.984115719795227,-0.14208100736141205,0.1064390316605568,-0.06416931003332138,-0.27433183789253235,-0.9594917297363281
300,1648819649.4462624,171.9531707763672,90.00348663330078,1361.097900390625,0.9508917927742004,0.30346423387527466,0.060944754630327225,0.2952292859554291,-0.9483681917190552,0.11592014133930206,0.0929756835103035,-0.09223483502864838,-0.9913870096206665
4,1648819649.4462698,133.53314208984375,-68.16744232177734,1476.762939453125,0.16569167375564575,-0.9507756233215332,0.26186254620552063,-0.9842109084129333,-0.142663836479187,0.10476584732532501,-0.062250491231679916,-0.27508682012557983,-0.9594019651412964
300,1648819649.4767752,171.9519805908203,89.98973846435547,1361.0792236328125,0.9508756995201111,0.30352312326431274,0.06090212240815163,0.29523125290870667,-0.9482882618904114,0.11656709760427475,0.09313357621431351,-0.0928606167435646,-0.9913138151168823
4,1648819649.4767826,133.65516662597656,-68.18997955322266,1476.8848876953125,0.1662352830171585,-0.9499562382698059,0.2644787132740021,-0.9842181205749512,-0.1433398425579071,0.1037709191441536,-0.0606674924492836,-0.2775551378726959,-0.9587922692298889
300,1648819649.5085845,171.95372009277344,89.97642517089844,1361.0655517578125,0.9508387446403503,0.3036334812641144,0.060929276049137115,0.2953307628631592,-0.9482467770576477,0.1166524812579155,0.0931955873966217,-0.09292341023683548,-0.9913020730018616
4,1648819649.5085924,133.89720153808594,-68.19204711914062,1477.0408935546875,0.16749978065490723,-0.9494556784629822,0.2654763460159302,-0.9841000437736511,-0.144884392619133,0.10274069756269455,-0.05908436328172684,-0.27846431732177734,-0.958627462387085
300,1648819649.5382228,171.95541381835938,89.98551940917969,1361.058837890625,0.9508396983146667,0.30354899168014526,0.06133448705077171,0.2952893376350403,-0.9483645558357239,0.11579650640487671,0.09331736713647842,-0.09199249744415283,-0.9913774728775024
4,1648819649.5382302,134.14224243164062,-68.15911102294922,1477.135498046875,0.1692211627960205,-0.9485582709312439,0.2675844728946686,-0.9838496446609497,-0.14650699496269226,0.10283764451742172,-0.05834449827671051,-0.28066518902778625,-0.9580307602882385
300,1648819649.5690055,171.95745849609375,89.96981811523438,1361.029296875,0.9507989287376404,0.30361825227737427,0.06162305176258087,0.2953124940395355,-0.9483324885368347,0.11599984019994736,0.09365881234407425,-0.09209446609020233,-0.9913358092308044
4,1648819649.5690134,134.41409301757812,-68.13331604003906,1477.1925048828125,0.17084741592407227,-0.9475875496864319,0.2699796259403229,-0.9836680889129639,-0.14828522503376007,0.10202226787805557,-0.056641045957803726,-0.2830005884170532,-0.9574458003044128
300,1648819649.5985236,171.95809936523438,89.9703140258789,1361.0419921875,0.9508009552955627,0.30359771847724915,0.061692528426647186,0.2952953279018402,-0.9483504891395569,0.11589667201042175,0.0936921015381813,-0.09197714924812317,-0.9913435578346252
4,1648819649.5985312,134.742919921875,-68.09378814697266,1477.319091796875,0.17310553789138794,-0.9466764330863953,0.27173176407814026,-0.9833055734634399,-0.1504082977771759,0.10240855813026428,-0.05607705935835838,-0.28492283821105957,-0.9569087624549866
300,1648819649.6280842,171.95811462402344,89.9485855102539,1361.048828125,0.9507676959037781,0.30373287200927734,0.06153995916247368,0.29540008306503296,-0.9482606053352356,0.11636430025100708,0.09369958192110062,-0.09245651215314865,-0.991298258304596
4,1648819649.6280925,135.0338592529297,-68.07505798339844,1477.441650390625,0.1749502569437027,-0.9461231231689453,0.2724764347076416,-0.9830695986747742,-0.152550607919693,0.10150096565485,-0.054465968161821365,-0.28562092781066895,-0.9567936658859253
300,1648819649.6601012,171.95957946777344,89.9446029663086,1361.1058349609375,0.9508805274963379,0.3036509156227112,0.060185760259628296,0.2953712046146393,-0.9481727480888367,0.11715058982372284,0.09263937920331955,-0.09361907839775085,-0.9912887811660767
4,1648819649.6601083,135.3074188232422,-68.05047607421875,1477.59033203125,0.1769733875989914,-0.9453678727149963,0.27378830313682556,-0.9827312231063843,-0.15445943176746368,0.10189002007246017,-0.05403436720371246,-0.2870921492576599,-0.9563777446746826
300,1648819649.6909828,171.96034240722656,89.94365692138672,1361.0782470703125,0.9508852362632751,0.30350106954574585,0.06086390092968941,0.2952575981616974,-0.9483385682106018,0.11608998477458954,0.09295301884412766,-0.09241771697998047,-0.9913721084594727
4,1648819649.6909912,135.52960205078125,-68.00798034667969,1477.656494140625,0.17861327528953552,-0.944998562335968,0.27399811148643494,-0.982461154460907,-0.15613801777362823,0.10193642973899841,-0.05354825779795647,-0.2873997092247009,-0.9563127160072327
300,1648819649.7204185,171.9688720703125,89.91209411621094,1361.0535888671875,0.9507923126220703,0.303683340549469,0.061403509229421616,0.29532840847969055,-0.9482373595237732,0.11673471331596375,0.09367549419403076,-0.092856265604496,-0.9912631511688232
4,1648819649.720426,135.91734313964844,-67.94698333740234,1477.75537109375,0.18161115050315857,-0.9440245628356934,0.27538159489631653,-0.9818984866142273,-0.15876728296279907,0.10328757762908936,-0.05378442257642746,-0.28915494680404663,-0.9557701945304871
300,1648819649.7507694,171.96630859375,89.90851593017578,1361.0960693359375,0.9507713317871094,0.3038063645362854,0.06111953407526016,0.29540348052978516,-0.9481169581413269,0.11752046644687653,0.09365192800760269,-0.09368016570806503,-0.9911878705024719
4,1648819649.750777,136.02008056640625,-67.91790008544922,1477.7750244140625,0.18274390697479248,-0.943598210811615,0.2760925590991974,-0.9816476702690125,-0.15954767167568207,0.10446221381425858,-0.05452043190598488,-0.29011544585227966,-0.9554373621940613
300,1648819649.7801564,171.9735565185547,89.89431762695312,1361.1031494140625,0.9508092999458313,0.30369213223457336,0.06109664589166641,0.29543954133987427,-0.9482988715171814,0.1159515231847763,0.09315144270658493,-0.09219741821289062,-0.9913740158081055
4,1648819649.780164,135.95388793945312,-67.94121551513672,1477.7425537109375,0.1824904829263687,-0.944426953792572,0.2734135389328003,-0.9816700220108032,-0.15947240591049194,0.10436718165874481,-0.054965268820524216,-0.28744789958000183,-0.9562178254127502
300,1648819649.8129358,171.9726104736328,89.88712310791016,1361.0845947265625,0.950774073600769,0.30374664068222046,0.061373405158519745,0.2954660952091217,-0.948287844657898,0.11597401648759842,0.09342636913061142,-0.09213132411241531,-0.9913542866706848
4,1648819649.812944,135.77926635742188,-67.96981811523438,1477.6771240234375,0.18146035075187683,-0.9449313282966614,0.2723543643951416,-0.9818017482757568,-0.15830449759960175,0.10490453988313675,-0.05601266399025917,-0.28643402457237244,-0.9564612507820129
300,1648819649.8425927,171.9790802001953,89.87114715576172,1361.0843505859375,0.9507516026496887,0.30378755927085876,0.061518456786870956,0.2954811155796051,-0.9482671022415161,0.11610504239797592,0.09360720217227936,-0.09220951050519943,-0.9913299679756165
4,1648819649.8426008,135.45533752441406,-68.02340698242188,1477.5504150390625,0.17908711731433868,-0.9459602236747742,0.2703462541103363,-0.9821600914001465,-0.15588133037090302,0.10517876595258713,-0.05735299363732338,-0.28435948491096497,-0.9570006728172302
300,1648819649.8726327,171.97605895996094,89.86609649658203,1361.1199951171875,0.950839102268219,0.3036766052246094,0.06070821359753609,0.2955001890659332,-0.9483322501182556,0.11552304029464722,0.09265320003032684,-0.09190453588962555,-0.991447925567627
4,1648819649.8726406,134.97372436523438,-68.08706665039062,1477.35107421875,0.17573048174381256,-0.9473904371261597,0.2675260007381439,-0.9826623201370239,-0.15249572694301605,0.10545041412115097,-0.059106145054101944,-0.2814185619354248,-0.9577630162239075
300,1648819649.904267,171.97154235839844,89.8775863647461,1361.082275390625,0.9508143067359924,0.3036686182022095,0.061135586351156235,0.29545286297798157,-0.9483471512794495,0.11552158743143082,0.0930580422282219,-0.09177689254283905,-0.9914218187332153
4,1648819649.9042745,134.51284790039062,-68.13216400146484,1477.1126708984375,0.17236550152301788,-0.9484883546829224,0.26581934094429016,-0.983161985874176,-0.1490304172039032,0.10574699938297272,-0.06068463623523712,-0.279570609331131,-0.9582054615020752
300,1648819649.9340563,171.97183227539062,89.8831558227539,1361.1021728515625,0.9508083462715149,0.3037286400794983,0.060929715633392334,0.2954757511615753,-0.9482671618461609,0.11611855030059814,0.093046173453331,-0.09240323305130005,-0.9913647174835205
4,1648819649.934064,134.272705078125,-68.15548706054688,1477.0548095703125,0.17067332565784454,-0.9492018222808838,0.2643606662750244,-0.9833418130874634,-0.14705915749073029,0.10682909935712814,-0.06252571195363998,-0.2781897783279419,-0.9584888815879822
300,1648819649.964564,171.96658325195312,89.87704467773438,1361.0867919921875,0.9508325457572937,0.30371493101119995,0.06061956286430359,0.295477956533432,-0.9482494592666626,0.116257444024086,0.0927915871143341,-0.09262961894273758,-0.9913674592971802
4,1648819649.9645715,133.968994140625,-68.23746490478516,1476.718505859375,0.16678445041179657,-0.9497992396354675,0.2646966576576233,-0.984311580657959,-0.14471489191055298,0.10093729197978973,-0.05756461247801781,-0.27737873792648315,-0.9590345621109009
300,1648819649.9946692,171.97030639648438,89.8680419921875,1361.084716796875,0.9507829546928406,0.303802490234375,0.0609576515853405,0.29547592997550964,-0.9481744766235352,0.11687244474887848,0.09330462664365768,-0.09310881048440933,-0.9912744164466858
4,1648819649.9946768,133.7340087890625,-68.34656524658203,1476.2003173828125,0.16474968194961548,-0.9476092457771301,0.273668110370636,-0.985112190246582,-0.14427074790000916,0.09348773211240768,-0.04910753667354584,-0.2849958837032318,-0.9572699666023254
300,1648819650.0243883,171.9745330810547,89.86019134521484,1361.0648193359375,0.9507639408111572,0.30382776260375977,0.06112746521830559,0.29552003741264343,-0.9482061266899109,0.11650341004133224,0.09335840493440628,-0.09270285069942474,-0.9913074374198914
4,1648819650.0243974,133.4259490966797,-68.47517395019531,1475.306396484375,0.16233117878437042,-0.9404164552688599,0.29877328872680664,-0.9859098792076111,-0.14219112694263458,0.08811039477586746,-0.040377549827098846,-0.30886659026145935,-0.9502478837966919
300,1648819650.056045,171.9768829345703,89.84415435791016,1361.0850830078125,0.9507918953895569,0.3037971556186676,0.060844890773296356,0.2955681383609772,-0.9482594132423401,0.1159462109208107,0.09292086958885193,-0.09225690364837646,-0.9913901090621948
4,1648819650.0560527,132.9649658203125,-68.43192291259766,1475.56103515625,0.16072295606136322,-0.938866138458252,0.3044642210006714,-0.9854072332382202,-0.13512296974658966,0.103510282933712,-0.05604219436645508,-0.3166577219963074,-0.9468828439712524
300,1648819650.0865128,171.9776611328125,89.84644317626953,1361.0816650390625,0.9507773518562317,0.3037952780723572,0.061080917716026306,0.295528382062912,-0.9482510089874268,0.11611631512641907,0.09319563210010529,-0.09234961867332458,-0.9913557171821594
4,1648819650.086521,132.59902954101562,-68.40823364257812,1476.318359375,0.15881066024303436,-0.9537677764892578,0.25515925884246826,-0.9850401878356934,-0.1355522722005844,0.10640215873718262,-0.06689552962779999,-0.26823991537094116,-0.9610267281532288
300,1648819650.1163797,171.9826202392578,89.82415771484375,1361.1068115234375,0.9507153034210205,0.3039144277572632,0.06145237758755684,0.29563015699386597,-0.9482418894767761,0.11593161523342133,0.09350501000881195,-0.09205079078674316,-0.9913543462753296
4,1648819650.1163871,132.5315399169922,-68.39497375488281,1476.154541015625,0.1586054116487503,-0.9538283944129944,0.2550601363182068,-0.9850992560386658,-0.13547149300575256,0.10595740377902985,-0.06651180982589722,-0.268064945936203,-0.9611021280288696
300,1648819650.146985,171.98043823242188,89.83563232421875,1361.10595703125,0.9507792592048645,0.3038000464439392,0.06102734059095383,0.2955881655216217,-0.9482975006103516,0.11558307707309723,0.09298621863126755,-0.09185503423213959,-0.9914212822914124
4,1648819650.1469924,132.60145568847656,-68.31440734863281,1476.003662109375,0.15945850312709808,-0.9538012146949768,0.25462964177131653,-0.9848568439483643,-0.13591861724853516,0.10762480646371841,-0.06804376095533371,-0.2679354250431061,-0.9610310196876526
300,1648819650.1769223,171.9825897216797,89.81727600097656,1361.091064453125,0.9507601857185364,0.30382657051086426,0.06119255721569061,0.2955632507801056,-0.9482583999633789,0.11596713960170746,0.0932602509856224,-0.09217066317796707,-0.9913662672042847
4,1648819650.1769297,132.7823486328125,-68.23987579345703,1475.870361328125,0.16092921793460846,-0.9536108374595642,0.254417359828949,-0.9845569729804993,-0.13711151480674744,0.10884856432676315,-0.06891562044620514,-0.26800528168678284,-0.9609494209289551
300,1648819650.2083263,171.98538208007812,89.80391693115234,1361.105224609375,0.9507622122764587,0.3038443922996521,0.061071813106536865,0.29558056592941284,-0.9482378363609314,0.1160912811756134,0.09318429231643677,-0.09232356399297714,-0.9913591742515564
4,1648819650.2083347,132.89599609375,-68.17596435546875,1475.791748046875,0.1623779535293579,-0.9539239406585693,0.2523142993450165,-0.9842261075973511,-0.1383811980485916,0.11022550612688065,-0.07023119181394577,-0.26623252034187317,-0.9613468647003174
300,1648819650.2382843,171.98304748535156,89.79399108886719,1361.1075439453125,0.950803279876709,0.30381113290786743,0.06059618294239044,0.29561716318130493,-0.9482598304748535,0.11581763625144958,0.09264761209487915,-0.09220651537179947,-0.9914203882217407
4,1648819650.2382922,133.1197967529297,-68.12934875488281,1475.8360595703125,0.1643054485321045,-0.9537556171417236,0.2517021894454956,-0.9838623404502869,-0.14013013243675232,0.1112586185336113,-0.07084246724843979,-0.2659206986427307,-0.961388349533081
300,1648819650.268725,171.9867706298828,89.78192138671875,1361.0947265625,0.9507505893707275,0.30390527844429016,0.06094985827803612,0.29564574360847473,-0.9482085108757019,0.11616450548171997,0.09309618175029755,-0.09242390841245651,-0.9913581013679504
4,1648819650.2687342,133.32498168945312,-68.133056640625,1475.994873046875,0.16631662845611572,-0.9529296159744263,0.25350335240364075,-0.9835975766181946,-0.14212043583393097,0.11107488721609116,-0.06981854140758514,-0.2678188681602478,-0.9609362483024597
300,1648819650.298701,171.99378967285156,89.76429748535156,1361.0855712890625,0.9506983757019043,0.3039507269859314,0.06153527647256851,0.29567018151283264,-0.9482442736625671,0.11580981314182281,0.09355095028877258,-0.09190604835748672,-0.9913634657859802
4,1648819650.298709,133.41944885253906,-68.16935729980469,1476.0865478515625,0.16734924912452698,-0.9526981711387634,0.25369346141815186,-0.9834625124931335,-0.1432396024465561,0.11083294451236725,-0.0692513957619667,-0.2680458128452301,-0.9609139561653137
300,1648819650.3290126,171.9917755126953,89.7692642211914,1361.0899658203125,0.9507110714912415,0.3039310574531555,0.06143578886985779,0.2956995368003845,-0.9482865929603577,0.11538766324520111,0.09332863241434097,-0.09153379499912262,-0.9914188385009766
4,1648819650.3290198,133.63792419433594,-68.1323013305664,1476.218994140625,0.16901803016662598,-0.9523851871490479,0.25376230478286743,-0.9832307696342468,-0.14503532648086548,0.11055315285921097,-0.06848469376564026,-0.2681923806667328,-0.9609280228614807
300,1648819650.36015,171.99252319335938,89.75617218017578,1361.098388671875,0.9507291316986084,0.3039039969444275,0.06128988415002823,0.29571598768234253,-0.9483202695846558,0.1150682121515274,0.09309212863445282,-0.09127430617809296,-0.9914650321006775
4,1648819650.3601577,133.76499938964844,-68.12149047851562,1476.2144775390625,0.17016150057315826,-0.9524608850479126,0.25271204113960266,-0.9830804467201233,-0.14643408358097076,0.11004506796598434,-0.06780796498060226,-0.26716169714927673,-0.9612630605697632
300,1648819650.3905768,171.98681640625,89.75626373291016,1361.103759765625,0.9507724642753601,0.30393579602241516,0.06045471504330635,0.2956908345222473,-0.9481532573699951,0.11650054901838303,0.09272901713848114,-0.09288960695266724,-0.9913489818572998
4,1648819650.3905845,133.61500549316406,-68.14557647705078,1476.165283203125,0.16921637952327728,-0.9530947804450989,0.250950425863266,-0.9832195043563843,-0.14563952386379242,0.10985665023326874,-0.06815549731254578,-0.26532888412475586,-0.9617460370063782
300,1648819650.4202166,171.99533081054688,89.7511215209961,1361.1082763671875,0.9507177472114563,0.30396273732185364,0.061175256967544556,0.2956918179988861,-0.9482067823410034,0.11606143414974213,0.09328514337539673,-0.09225264191627502,-0.9913563132286072
4,1648819650.4202242,133.46571350097656,-68.17351531982422,1476.1177978515625,0.16856086254119873,-0.953205943107605,0.25096946954727173,-0.9833241701126099,-0.14497949182987213,0.10979288816452026,-0.06826980412006378,-0.26529112458229065,-0.9617483019828796
300,1648819650.4503036,171.9875946044922,89.75651550292969,1361.085205078125,0.9507310390472412,0.3039301037788391,0.06113063916563988,0.29570531845092773,-0.9482570886611938,0.11561517417430878,0.09310649335384369,-0.09184227883815765,-0.9914112091064453
4,1648819650.4503112,133.27734375,-68.19180297851562,1476.0628662109375,0.16718122363090515,-0.9541258811950684,0.24838334321975708,-0.9834911227226257,-0.14369405806064606,0.10998739302158356,-0.06925060600042343,-0.262670636177063,-0.9623972773551941
300,1648819650.4802463,171.98390197753906,89.76091003417969,1361.108642578125,0.9507965445518494,0.3038407862186432,0.06055321916937828,0.29570329189300537,-0.9483016133308411,0.11525464057922363,0.09244177490472794,-0.09167792648077011,-0.9914886355400085
4,1648819650.480254,133.1200408935547,-68.19093322753906,1475.9422607421875,0.16619861125946045,-0.9543865919113159,0.24804092943668365,-0.9836245775222778,-0.1426679641008377,0.11012963950634003,-0.06971875578165054,-0.2622825503349304,-0.9624692797660828
300,1648819650.5125856,171.9892578125,89.74217224121094,1361.112060546875,0.950761616230011,0.30390700697898865,0.060769032686948776,0.29570040106773376,-0.9482386112213135,0.11577893048524857,0.09280957281589508,-0.09210873395204544,-0.9914143085479736
4,1648819650.5125937,132.9982452392578,-68.2178955078125,1475.871337890625,0.16543598473072052,-0.9547803401947021,0.2470332682132721,-0.9837385416030884,-0.14199915528297424,0.10997612774372101,-0.06992453336715698,-0.2612101435661316,-0.9627459645271301
300,1648819650.5430171,171.98974609375,89.74427795410156,1361.1046142578125,0.9507052898406982,0.3040229380130768,0.061069685965776443,0.29573383927345276,-0.9481574296951294,0.11635695397853851,0.09327886253595352,-0.0925607979297638,-0.9913281798362732
4,1648819650.5430293,132.96119689941406,-68.2326431274414,1475.8720703125,0.1653125137090683,-0.9550216794013977,0.24618148803710938,-0.9837830066680908,-0.14206749200820923,0.10948878526687622,-0.06958978623151779,-0.2602890431880951,-0.9630196690559387
300,1648819650.572476,171.99462890625,89.72428894042969,1361.08447265625,0.9506862163543701,0.30402296781539917,0.061365727335214615,0.2957862317562103,-0.9482448101043701,0.11550890654325485,0.09330709278583527,-0.09166158735752106,-0.9914090633392334
4,1648819650.5724835,133.1640167236328,-68.23872375488281,1476.01318359375,0.16706198453903198,-0.9544675350189209,0.24714769423007965,-0.9835231304168701,-0.14376665651798248,0.10960543900728226,-0.06908324360847473,-0.2613863945007324,-0.9627588987350464
300,1648819650.604313,171.99295043945312,89.73091888427734,1361.10498046875,0.9507158398628235,0.30398815870285034,0.06107814982533455,0.2957753837108612,-0.9482446908950806,0.11553767323493958,0.0930391177535057,-0.09177808463573456,-0.991423487663269
4,1648819650.6043203,133.3267364501953,-68.24636840820312,1476.1973876953125,0.16844181716442108,-0.9540891051292419,0.24767176806926727,-0.9833627343177795,-0.145314022898674,0.10900259763002396,-0.06800801306962967,-0.2619117796421051,-0.9626926183700562
300,1648819650.6341295,171.99728393554688,89.70514678955078,1361.098388671875,0.9507082104682922,0.3040059208869934,0.06110849976539612,0.29575952887535095,-0.9482096433639526,0.11586516350507736,0.09316736459732056,-0.09208054095506668,-0.9913833737373352
4,1648819650.6341376,133.4476776123047,-68.29837799072266,1476.3798828125,0.16939295828342438,-0.9542492032051086,0.2464030236005783,-0.983254611492157,-0.14658303558826447,0.10827650129795074,-0.06720426678657532,-0.2606181800365448,-0.9631000757217407
300,1648819650.6649015,171.99522399902344,89.71200561523438,1361.0916748046875,0.9506521821022034,0.30409470200538635,0.0615369975566864,0.29576534032821655,-0.9481520652770996,0.11632085591554642,0.093718983232975,-0.09238016605377197,-0.9913035035133362
4,1648819650.6649086,133.48585510253906,-68.3359375,1476.521240234375,0.16969417035579681,-0.9540209770202637,0.24707862734794617,-0.9833018779754639,-0.14718468487262726,0.10702387243509293,-0.06573683023452759,-0.2611142098903656,-0.9630669951438904
300,1648819650.6941774,171.99447631835938,89.71453094482422,1361.1080322265625,0.9507203102111816,0.3039931058883667,0.060983896255493164,0.2957998216152191,-0.9482511281967163,0.115422323346138,0.09291563928127289,-0.09169532358646393,-0.9914427399635315
4,1648819650.6941848,133.3433074951172,-68.38492584228516,1476.5447998046875,0.16861791908740997,-0.9543535709381104,0.24653035402297974,-0.9835154414176941,-0.146327942609787,0.10623329877853394,-0.06530985236167908,-0.26037925481796265,-0.9632949829101562
300,1648819650.7246292,171.9956512451172,89.71048736572266,1361.10302734375,0.9507203102111816,0.30398720502853394,0.061013855040073395,0.29577282071113586,-0.9482356905937195,0.11561795324087143,0.09300189465284348,-0.09187409281730652,-0.9914180636405945
4,1648819650.7246366,133.04129028320312,-68.43473815917969,1476.432373046875,0.1662893444299698,-0.9552247524261475,0.24473153054714203,-0.9838700294494629,-0.14413043856620789,0.10595344752073288,-0.06593609601259232,-0.258402943611145,-0.963784396648407
300,1648819650.7567358,171.9929656982422,89.71986389160156,1361.07666015625,0.9507145881652832,0.3039619028568268,0.06122814863920212,0.29575681686401367,-0.9482783079147339,0.11530900001525879,0.09311086684465408,-0.09151731431484222,-0.9914408326148987
4,1648819650.7567434,132.9554443359375,-68.40441131591797,1476.3011474609375,0.16569828987121582,-0.9554901123046875,0.24409571290016174,-0.9839242696762085,-0.14345701038837433,0.1063632220029831,-0.06661175936460495,-0.25779590010643005,-0.9639005064964294
300,1648819650.786462,171.99720764160156,89.71766662597656,1361.1036376953125,0.950701117515564,0.30399489402770996,0.061273571103811264,0.2957712411880493,-0.9482553005218506,0.11546116322278976,0.09320259094238281,-0.09164610505104065,-0.991420328617096
4,1648819650.7864695,133.07081604003906,-68.36018371582031,1476.240478515625,0.1664462834596634,-0.955344021320343,0.2441585659980774,-0.983829915523529,-0.1442912369966507,0.1061074510216713,-0.06613917648792267,-0.25787168741226196,-0.9639127850532532
300,1648819650.8169656,171.99566650390625,89.73563385009766,1361.10791015625,0.9507389068603516,0.30391553044319153,0.06108083948493004,0.2957248091697693,-0.948289155960083,0.11530172824859619,0.0929642841219902,-0.09155872464179993,-0.9914507865905762
4,1648819650.816973,133.1942138671875,-68.32263946533203,1476.29833984375,0.16756686568260193,-0.9549407362937927,0.24496833980083466,-0.9836196899414062,-0.14519764482975006,0.1068175658583641,-0.06643562018871307,-0.25885477662086487,-0.9636288285255432
300,1648819650.8463936,171.99563598632812,89.71109771728516,1361.118896484375,0.9507187008857727,0.30398839712142944,0.061033204197883606,0.2957848012447357,-0.9482483267784119,0.11548381298780441,0.09298036992549896,-0.09173992276191711,-0.9914324879646301
4,1648819650.846406,133.43478393554688,-68.32856750488281,1476.402099609375,0.16948597133159637,-0.9545921683311462,0.2450067698955536,-0.9833515286445618,-0.14727142453193665,0.10644663125276566,-0.06553062051534653,-0.2589690089225769,-0.9636601209640503
300,1648819650.8768249,171.99671936035156,89.71697998046875,1361.11767578125,0.9506962299346924,0.3040376305580139,0.06113739311695099,0.29581695795059204,-0.9482287764549255,0.11556190252304077,0.09310740232467651,-0.09177878499031067,-0.9914169907569885
4,1648819650.8768322,133.87359619140625,-68.29103088378906,1476.660400390625,0.1726396381855011,-0.9530401229858398,0.24881727993488312,-0.9829654097557068,-0.15052983164787292,0.10545016080141068,-0.06304381042718887,-0.2627836763858795,-0.9627929329872131
300,1648819650.9086964,171.9996337890625,89.71973419189453,1361.1226806640625,0.9506781101226807,0.3040259778499603,0.06147662177681923,0.2957886755466461,-0.9482564926147461,0.11540663242340088,0.09338222444057465,-0.09153047204017639,-0.9914141297340393
4,1648819650.908704,133.97747802734375,-68.34915161132812,1476.918212890625,0.17353053390979767,-0.9531407356262207,0.24781030416488647,-0.9828543066978455,-0.15168584883213043,0.10482727736234665,-0.06232583150267601,-0.2617521584033966,-0.9631205797195435
300,1648819650.9382162,171.99273681640625,89.7199478149414,1361.12646484375,0.9507266879081726,0.3039793372154236,0.06095373257994652,0.2957630753517151,-0.9482290744781494,0.1156972199678421,0.09296765923500061,-0.09196856617927551,-0.9914125204086304
4,1648819650.938224,133.42164611816406,-68.51417541503906,1476.8851318359375,0.168852761387825,-0.9542185068130493,0.24689222872257233,-0.9838436841964722,-0.14805015921592712,0.10066147148609161,-0.05950060859322548,-0.2599003314971924,-0.9638005495071411
300,1648819650.9680572,171.9986114501953,89.7296142578125,1361.118896484375,0.9507284760475159,0.30393147468566895,0.0611640103161335,0.2957616448402405,-0.9483146667480469,0.11499712616205215,0.09295397251844406,-0.09124107658863068,-0.9914810061454773
4,1648819650.9680648,132.65232849121094,-68.66883087158203,1476.798095703125,0.1634538769721985,-0.955788254737854,0.24444147944450378,-0.984595775604248,-0.14245149493217468,0.10138431191444397,-0.06208088621497154,-0.2572476863861084,-0.9643493294715881
300,1648819650.9984758,172.0045928955078,89.73271942138672,1361.10302734375,0.95070880651474,0.3038989007472992,0.061629388481378555,0.29573577642440796,-0.9483861327171326,0.11447297781705856,0.09323666989803314,-0.09060445427894592,-0.9915128350257874
4,1648819650.9984832,132.07582092285156,-68.76592254638672,1476.671630859375,0.1590288132429123,-0.9571324586868286,0.24208948016166687,-0.9852115511894226,-0.1380101889371872,0.10154504328966141,-0.06378123909235,-0.25465795397758484,-0.9649255275726318
300,1648819651.0281367,171.9939727783203,89.73163604736328,1361.147705078125,0.9507694840431213,0.3039141893386841,0.0606100894510746,0.29577457904815674,-0.9482836723327637,0.1152191236615181,0.09249228984117508,-0.09161990135908127,-0.9914892911911011
4,1648819651.0281448,131.89138793945312,-68.7971420288086,1476.5987548828125,0.15708069503307343,-0.9572992920875549,0.2427009642124176,-0.9855992197990417,-0.13637764751911163,0.09997653216123581,-0.06260847300291061,-0.25491026043891907,-0.9649357199668884
300,1648819651.0601692,171.9915313720703,89.73371887207031,1361.1480712890625,0.9507951140403748,0.3039061427116394,0.060246773064136505,0.295731782913208,-0.9482076168060303,0.11595295369625092,0.09236526489257812,-0.09243061393499374,-0.9914258718490601
4,1648819651.0601766,131.82144165039062,-68.80828094482422,1476.642822265625,0.1567910611629486,-0.9574334621429443,0.2423587143421173,-0.9855477213859558,-0.13574275374412537,0.10133913159370422,-0.06412703543901443,-0.25474515557289124,-0.96487957239151
300,1648819651.091015,171.99240112304688,89.75308227539062,1361.1318359375,0.9507124423980713,0.30398890376091003,0.061128146946430206,0.29571864008903503,-0.9481936693191528,0.11610005795955658,0.093254454433918,-0.09230104088783264,-0.9913547039031982
4,1648819651.0910232,131.79966735839844,-68.7891845703125,1476.573486328125,0.1567334234714508,-0.9582186341285706,0.23927317559719086,-0.9856305718421936,-0.13630476593971252,0.09976661950349808,-0.0629841610789299,-0.25147172808647156,-0.9658131003379822
300,1648819651.1204476,171.99684143066406,89.74229431152344,1361.1163330078125,0.950701117515564,0.30398133397102356,0.06134091690182686,0.295732319355011,-0.9482426047325134,0.11566481739282608,0.09332601726055145,-0.09182217717170715,-0.9913924336433411
4,1648819651.1204555,132.00350952148438,-68.73037719726562,1476.5194091796875,0.15825146436691284,-0.9573423862457275,0.24176859855651855,-0.9853442311286926,-0.1373274028301239,0.10118282586336136,-0.06366515159606934,-0.2542376220226288,-0.9650440216064453
300,1648819651.1509953,171.99806213378906,89.75270080566406,1361.13037109375,0.9507428407669067,0.3039492666721344,0.060851458460092545,0.2957192063331604,-0.9482123255729675,0.1159464493393898,0.09294193983078003,-0.09224031120538712,-0.9913896918296814
4,1648819651.1510034,132.47979736328125,-68.59539031982422,1476.504638671875,0.16192835569381714,-0.9560186862945557,0.24455571174621582,-0.9847015738487244,-0.1403799206018448,0.10322918742895126,-0.06435832381248474,-0.2575301229953766,-0.9641246199607849
300,1648819651.180631,171.99925231933594,89.72222900390625,1361.1319580078125,0.950774073600769,0.3039453625679016,0.060380928218364716,0.2958075702190399,-0.9482482671737671,0.11542560905218124,0.09233918786048889,-0.09188254177570343,-0.991479218006134
4,1648819651.1806436,132.73353576660156,-68.53882598876953,1476.5130615234375,0.1639295220375061,-0.9556040167808533,0.24484290182590485,-0.9843016862869263,-0.14199528098106384,0.10482166707515717,-0.06540146470069885,-0.2581826448440552,-0.9638798236846924
300,1648819651.2124505,171.99240112304688,89.75285339355469,1361.110107421875,0.9506953358650208,0.3040509521961212,0.06108536571264267,0.29577454924583435,-0.9481632709503174,0.11620573699474335,0.09325136989355087,-0.09240875393152237,-0.9913449287414551
4,1648819651.212458,132.6508331298828,-68.50643920898438,1476.4232177734375,0.1635119765996933,-0.9561612606048584,0.242939293384552,-0.9843436479568481,-0.1416957974433899,0.10483257472515106,-0.06581337004899979,-0.2562771439552307,-0.964360237121582
300,1648819651.2421665,171.99884033203125,89.74646759033203,1361.084716796875,0.9506799578666687,0.30398669838905334,0.06164173781871796,0.295693039894104,-0.9482330679893494,0.11584331840276718,0.09366555511951447,-0.09190288931131363,-0.991352915763855
4,1648819651.2421744,132.58877563476562,-68.53189086914062,1476.4346923828125,0.16288451850414276,-0.9566538333892822,0.2414168417453766,-0.9844592809677124,-0.14130498468875885,0.10427279770374298,-0.06563956290483475,-0.25464949011802673,-0.964803159236908
300,1648819651.272848,171.99270629882812,89.74437713623047,1361.04931640625,0.9506769776344299,0.30401140451431274,0.06156615540385246,0.29584383964538574,-0.9483397006988525,0.11457861214876175,0.0932188332080841,-0.09071327745914459,-0.9915046095848083
4,1648819651.2728558,132.52392578125,-68.54412078857422,1476.400634765625,0.1626259833574295,-0.956315815448761,0.24292559921741486,-0.9844947457313538,-0.14086386561393738,0.10453440248966217,-0.06574846059083939,-0.2561590075492859,-0.964396059513092
300,1648819651.304224,171.9990234375,89.7404556274414,1361.085693359375,0.9506908059120178,0.30396541953086853,0.06157973036170006,0.295743852853775,-0.9483028650283813,0.11514031141996384,0.09339490532875061,-0.09125100821256638,-0.9914386868476868
4,1648819651.3042314,132.45721435546875,-68.55615234375,1476.3570556640625,0.1619652360677719,-0.9565165042877197,0.24257677793502808,-0.9845804572105408,-0.14017777144908905,0.10464922338724136,-0.06609483063220978,-0.25578588247299194,-0.9644713997840881
300,1648819651.3343043,171.99990844726562,89.74946594238281,1361.101318359375,0.950725257396698,0.30397602915763855,0.06099208816885948,0.29579055309295654,-0.9482650756835938,0.11533131450414658,0.09289462119340897,-0.09160751104354858,-0.9914528131484985
4,1648819651.3343122,132.36843872070312,-68.54588317871094,1476.3125,0.16143010556697845,-0.9570041298866272,0.24100492894649506,-0.9845974445343018,-0.13956494629383087,0.10530667752027512,-0.06714308261871338,-0.2542925179004669,-0.9647938013076782
300,1648819651.3647003,171.9981689453125,89.76557922363281,1361.141357421875,0.9507883191108704,0.3039129078388214,0.0603196881711483,0.2957715392112732,-0.9482473731040955,0.11552563309669495,0.09230771660804749,-0.0919995829463005,-0.9914712905883789
4,1648819651.3647075,132.03257751464844,-68.54910278320312,1476.0849609375,0.1591162085533142,-0.9574840068817139,0.2406376153230667,-0.9848931431770325,-0.137080118060112,0.10580411553382874,-0.06831911206245422,-0.2538374960422516,-0.9648311138153076
300,1648819651.3946965,171.995361328125,89.76892852783203,1361.0614013671875,0.9506821036338806,0.3039783239364624,0.06164957955479622,0.29573315382003784,-0.9482840299606323,0.1153225526213646,0.09351687133312225,-0.09140326082706451,-0.9914131760597229
4,1648819651.3947036,131.6514129638672,-68.55883026123047,1475.83203125,0.1562848687171936,-0.9584742784500122,0.2385416328907013,-0.9853065609931946,-0.1344444304704666,0.10533586889505386,-0.06889113038778305,-0.2514990568161011,-0.9654026031494141
300,1648819651.4240575,171.99093627929688,89.7707748413086,1361.07958984375,0.9507090449333191,0.3039458096027374,0.061394013464450836,0.29567840695381165,-0.9482418298721313,0.1158088743686676,0.0934159904718399,-0.09194765985012054,-0.9913723468780518
4,1648819651.424065,131.35247802734375,-68.5547103881836,1475.6181640625,0.15396012365818024,-0.9593446254730225,0.23654642701148987,-0.9855639934539795,-0.1320393830537796,0.10596774518489838,-0.07042614370584488,-0.24944645166397095,-0.9658243060112
300,1648819651.4568052,171.99533081054688,89.76628875732422,1361.0467529296875,0.9506829977035522,0.30393821001052856,0.06183402240276337,0.2957240045070648,-0.948348343372345,0.11481615900993347,0.09353721141815186,-0.09086795896291733,-0.9914604425430298
4,1648819651.4568126,130.78286743164062,-68.6351318359375,1475.469482421875,0.14998994767665863,-0.9607163071632385,0.23351046442985535,-0.9860324859619141,-0.12805797159671783,0.1064944937825203,-0.07240812480449677,-0.24622200429439545,-0.9665049314498901
300,1648819651.486252,171.9966583251953,89.78369140625,1361.1019287109375,0.9507253170013428,0.30390292406082153,0.06135424226522446,0.2956290543079376,-0.9482439160346985,0.11591779440641403,0.093406543135643,-0.0920678898692131,-0.9913620352745056
4,1648819651.4862595,130.28558349609375,-68.7226333618164,1475.376953125,0.14652526378631592,-0.9616409540176392,0.23189879953861237,-0.986452579498291,-0.1245635375380516,0.10674840956926346,-0.07376750558614731,-0.24439850449562073,-0.9668648838996887
300,1648819651.5162053,171.99049377441406,89.77806854248047,1361.0802001953125,0.950697660446167,0.30393344163894653,0.06163134425878525,0.2956242263317108,-0.9482330083847046,0.11601942032575607,0.09370305389165878,-0.09207967668771744,-0.9913329482078552
4,1648819651.5162125,130.00746154785156,-68.80944061279297,1475.4501953125,0.14385230839252472,-0.9620908498764038,0.23170608282089233,-0.986926794052124,-0.1222802996635437,0.10499054193496704,-0.07267735153436661,-0.24378007650375366,-0.9671035408973694
300,1648819651.5468426,171.98899841308594,89.77214813232422,1361.106201171875,0.950813353061676,0.30384498834609985,0.06026742234826088,0.295644074678421,-0.94820237159729,0.11621888726949692,0.09245824068784714,-0.09268476814031601,-0.9913934469223022
4,1648819651.5468504,129.5867462158203,-68.89972686767578,1475.396484375,0.14052315056324005,-0.963110625743866,0.22950206696987152,-0.9874594211578369,-0.11948834359645844,0.10318168997764587,-0.07195255905389786,-0.24112339317798615,-0.9678235054016113
300,1648819651.5762823,171.99017333984375,89.76488494873047,1361.1304931640625,0.9507828950881958,0.3038730323314667,0.06060541048645973,0.29560092091560364,-0.9481638669967651,0.11664194613695145,0.09290820360183716,-0.09298615902662277,-0.9913231730461121
4,1648819651.5762904,129.66708374023438,-68.9234390258789,1475.5159912109375,0.1407218873500824,-0.962432861328125,0.23220764100551605,-0.9874572157859802,-0.11947809159755707,0.10321449488401413,-0.07159329205751419,-0.24381963908672333,-0.9671744108200073
300,1648819651.6080096,171.98934936523438,89.78739166259766,1361.164794921875,0.9507927298545837,0.303908109664917,0.06027477979660034,0.29567694664001465,-0.9481534957885742,0.11653389781713486,0.09256534278392792,-0.09297771751880646,-0.9913560152053833
4,1648819651.608017,129.8151397705078,-68.87579345703125,1475.4893798828125,0.1417585015296936,-0.9620082974433899,0.23333370685577393,-0.9873053431510925,-0.12034334242343903,0.10366111993789673,-0.07164269685745239,-0.24506646394729614,-0.9668555855751038
300,1648819651.6383502,172.0072479248047,89.77739715576172,1361.171875,0.9506509900093079,0.3040395975112915,0.06182766705751419,0.29563987255096436,-0.9481348395347595,0.11677944660186768,0.09412653744220734,-0.09273777157068253,-0.9912315011024475
4,1648819651.638358,129.71063232421875,-68.86740112304688,1475.412841796875,0.14103767275810242,-0.9623860120773315,0.2322102040052414,-0.9873299598693848,-0.11950425058603287,0.10439465939998627,-0.07271785289049149,-0.2439916878938675,-0.9670471549034119
300,1648819651.6688824,171.99594116210938,89.7837142944336,1361.1654052734375,0.9507737159729004,0.3038841187953949,0.06069434806704521,0.29570308327674866,-0.9482620358467102,0.11558003723621368,0.09267708659172058,-0.09194295108318329,-0.991442084312439
4,1648819651.6688943,129.9740447998047,-68.74394989013672,1475.3013916015625,0.14309822022914886,-0.9621630311012268,0.2318733185529709,-0.986987292766571,-0.12137150019407272,0.10547550022602081,-0.07334181666374207,-0.24394936859607697,-0.9670106768608093
300,1648819651.6984246,171.99267578125,89.78245544433594,1361.2047119140625,0.9510132670402527,0.3035801649093628,0.0584198497235775,0.29564523696899414,-0.9483256340026855,0.11520590633153915,0.09037526696920395,-0.09229079633951187,-0.991622269153595
4,1648819651.698433,130.17921447753906,-68.63985443115234,1475.2158203125,0.14483340084552765,-0.9611782431602478,0.2348608672618866,-0.9865426421165466,-0.12207827717065811,0.10876794159412384,-0.0758739709854126,-0.2474534958600998,-0.9659243822097778
300,1648819651.7289894,171.97683715820312,89.77455139160156,1360.9144287109375,0.9506338834762573,0.3039977252483368,0.06229449808597565,0.2956553101539612,-0.9482596516609192,0.11572171002626419,0.09425050020217896,-0.09159127622842789,-0.9913263320922852
4,1648819651.7289968,130.0814971923828,-68.6025390625,1474.9560546875,0.14408953487873077,-0.9617066383361816,0.23314927518367767,-0.9866428971290588,-0.12152780592441559,0.10847479850053787,-0.0759868174791336,-0.24566516280174255,-0.9663718938827515
300,1648819651.7602575,171.99835205078125,89.78202056884766,1361.0341796875,0.9506400227546692,0.3040251135826111,0.062066804617643356,0.2957349717617035,-0.948275089263916,0.1153913363814354,0.09393826872110367,-0.09134029597043991,-0.9913791418075562
4,1648819651.760266,129.94349670410156,-68.61164855957031,1474.8338623046875,0.14291821420192719,-0.9620305299758911,0.23253308236598969,-0.9868589639663696,-0.12061768770217896,0.10752109438180923,-0.07539097219705582,-0.24484407901763916,-0.9666268825531006
300,1648819651.7909155,171.9906463623047,89.78265380859375,1361.0592041015625,0.9506652355194092,0.30398911237716675,0.06185677647590637,0.29558509588241577,-0.9481496810913086,0.11679748445749283,0.09415464848279953,-0.09275136142969131,-0.9912275671958923
4,1648819651.7909234,129.9974822998047,-68.57817840576172,1474.8411865234375,0.14337792992591858,-0.9622177481651306,0.2314731627702713,-0.9867330193519592,-0.12098799645900726,0.10825851559638977,-0.07616278529167175,-0.2439240962266922,-0.9667989611625671
300,1648819651.820718,171.99021911621094,89.78496551513672,1361.065673828125,0.9507029056549072,0.3039470613002777,0.06148340925574303,0.29564130306243896,-0.9482144117355347,0.11612780392169952,0.09359615296125412,-0.09222599864006042,-0.9913294911384583
4,1648819651.8207254,129.80160522460938,-68.61290740966797,1474.789794921875,0.14206936955451965,-0.9620599150657654,0.23293142020702362,-0.9869207739830017,-0.11955950409173965,0.10813403129577637,-0.07618224620819092,-0.24524737894535065,-0.9664626121520996
300,1648819651.8507278,171.98797607421875,89.7851791381836,1361.1336669921875,0.950799822807312,0.3038424253463745,0.060493353754282,0.29561737179756165,-0.9482066631317139,0.11625173687934875,0.09268241375684738,-0.09264925122261047,-0.9913758635520935
4,1648819651.850736,129.6484832763672,-68.66605377197266,1474.8775634765625,0.14094483852386475,-0.9629148244857788,0.23006433248519897,-0.9870214462280273,-0.11860634386539459,0.10826437175273895,-0.07696227729320526,-0.24233773350715637,-0.9671345353126526
300,1648819651.8806438,171.99085998535156,89.78899383544922,1361.1282958984375,0.9507374167442322,0.3038848638534546,0.06125600263476372,0.29560336470603943,-0.9482300877571106,0.11609627306461334,0.09336468577384949,-0.09226959198713303,-0.9913472533226013
4,1648819651.8806512,129.6557159423828,-68.66873931884766,1474.8992919921875,0.1410313844680786,-0.9629492163658142,0.22986724972724915,-0.9870513081550598,-0.11884511262178421,0.10772915184497833,-0.07641910016536713,-0.24208396673202515,-0.9672411680221558
300,1648819651.9129002,171.98887634277344,89.78665161132812,1361.1390380859375,0.950740396976471,0.30395764112472534,0.06084800139069557,0.29573726654052734,-0.9482188820838928,0.11584638059139252,0.09290961921215057,-0.09214480966329575,-0.9914016127586365
4,1648819651.9129076,129.3126678466797,-68.68281555175781,1474.690673828125,0.13857978582382202,-0.9634074568748474,0.22943782806396484,-0.9873529076576233,-0.11638738960027695,0.10764867067337036,-0.07700586318969727,-0.24145403504371643,-0.9673520922660828
300,1648819651.9420514,171.99159240722656,89.7904281616211,1361.1458740234375,0.9507489800453186,0.3038794994354248,0.061103180050849915,0.29566046595573425,-0.9482750296592712,0.11558256298303604,0.0930657908320427,-0.09182420372962952,-0.9914166927337646
4,1648819651.9420593,128.92152404785156,-68.64933013916016,1474.4193115234375,0.1356055736541748,-0.9643204808235168,0.22737003862857819,-0.9874952435493469,-0.11292796581983566,0.11000178009271622,-0.08040053397417068,-0.23944368958473206,-0.9675755500793457
410,1648819651.9420638,-130.83042907714844,-277.29815673828125,1431.558349609375,-0.4141980707645416,0.7163735628128052,0.5614702701568604,-0.3626742660999298,-0.695685625076294,0.6200717091560364,0.8348097801208496,0.053201694041490555,0.5479618906974792
300,1648819651.9724336,171.98190307617188,89.78539276123047,1361.1898193359375,0.9508423805236816,0.30380743741989136,0.05999797210097313,0.29567915201187134,-0.9482538104057312,0.11570871621370316,0.09204647690057755,-0.09228060394525528,-0.9914695024490356
4,1648819651.9724424,128.36038208007812,-68.5684585571289,1473.936279296875,0.13170789182186127,-0.9656951427459717,0.22379878163337708,-0.9875640869140625,-0.10827314108610153,0.11399142444133759,-0.0858495682477951,-0.2360292226076126,-0.9679462909698486
300,1648819652.0042498,171.990478515625,89.79032897949219,1361.1253662109375,0.9507838487625122,0.30388110876083374,0.06055016815662384,0.2956077754497528,-0.9481534361839294,0.11670971661806107,0.09287672489881516,-0.09306661039590836,-0.9913185834884644
4,1648819652.0042577,127.9203872680664,-68.47491455078125,1473.4090576171875,0.12845198810100555,-0.9668553471565247,0.22065992653369904,-0.9876130819320679,-0.10449585318565369,0.11705110967159271,-0.09011344611644745,-0.23296208679676056,-0.9683017134666443
300,1648819652.0348809,171.9964141845703,89.76301574707031,1361.0950927734375,0.950737476348877,0.3038672208786011,0.06134258955717087,0.2956028878688812,-0.9482628703117371,0.11582931876182556,0.0933656394481659,-0.09199023246765137,-0.9913731217384338
4,1648819652.0348885,127.98162841796875,-68.4078369140625,1473.2891845703125,0.128653421998024,-0.9661979079246521,0.2234051525592804,-0.9872761964797974,-0.10355858504772186,0.12067031115293503,-0.09345588088035583,-0.23608723282814026,-0.9672273993492126
300,1648819652.064736,172.00001525878906,89.74348449707031,1361.1021728515625,0.9507157206535339,0.3039502501487732,0.06126920506358147,0.29572078585624695,-0.9482628703117371,0.11552820354700089,0.09321413934230804,-0.09171590209007263,-0.9914128184318542
4,1648819652.0647438,127.96904754638672,-68.44776153564453,1473.306884765625,0.12844155728816986,-0.9663493037223816,0.22287176549434662,-0.9875587821006775,-0.10407275706529617,0.11788370460271835,-0.09072195738554001,-0.2352401316165924,-0.9676939845085144
300,1648819652.0941117,172.00421142578125,89.72525787353516,1361.068115234375,0.9506780505180359,0.30396977066993713,0.061754364520311356,0.2957342863082886,-0.948308527469635,0.11511796712875366,0.09355457127094269,-0.09117724746465683,-0.991430401802063
4,1648819652.0941188,127.99710845947266,-68.57056427001953,1473.5904541015625,0.12878833711147308,-0.9662706255912781,0.22301259636878967,-0.9875785112380981,-0.10455897450447083,0.117286317050457,-0.09001236408948898,-0.23534755408763885,-0.9677340984344482
300,1648819652.1247344,171.9967041015625,89.71926879882812,1361.14404296875,0.9506979584693909,0.30411794781684875,0.060709286481142044,0.29591354727745056,-0.9481685161590576,0.11580857634544373,0.09278210252523422,-0.0921342745423317,-0.9914145469665527
4,1648819652.1247418,128.13232421875,-68.69744110107422,1474.0152587890625,0.12963584065437317,-0.9657799601554871,0.22464101016521454,-0.9877812266349792,-0.10601945221424103,0.11422840505838394,-0.08650319278240204,-0.2367042601108551,-0.9677232503890991
300,1648819652.1581357,171.99658203125,89.7040023803711,1361.083740234375,0.9506813883781433,0.30405738949775696,0.061269521713256836,0.29582053422927856,-0.9482225775718689,0.11560362577438354,0.09324727952480316,-0.09177743643522263,-0.9914039969444275
4,1648819652.15816,127.9137954711914,-68.8439712524414,1474.19873046875,0.12788009643554688,-0.966551661491394,0.2223164290189743,-0.9882023930549622,-0.10512734204530716,0.1113746240735054,-0.08427778631448746,-0.23393622040748596,-0.9685923457145691
300,1648819652.188546,172.00999450683594,89.67557525634766,1361.0684814453125,0.9505674839019775,0.30421048402786255,0.06226935610175133,0.29591140151023865,-0.9482330679893494,0.11528448760509491,0.09411661326885223,-0.09115947037935257,-0.9913788437843323
4,1648819652.188557,127.70189666748047,-68.91873168945312,1474.1910400390625,0.12607504427433014,-0.9665279984474182,0.22344742715358734,-0.988491415977478,-0.10341503471136093,0.11040882766246796,-0.08360540121793747,-0.23479565978050232,-0.9684426188468933
300,1648819652.2163346,172.0059814453125,89.66732025146484,1361.126220703125,0.9507204294204712,0.30405306816101074,0.060682762414216995,0.2958907186985016,-0.948227047920227,0.11538702994585037,0.09262482076883316,-0.09174534678459167,-0.9914652705192566
4,1648819652.216342,127.65237426757812,-68.90237426757812,1474.1292724609375,0.12548048794269562,-0.9667403101921082,0.22286275029182434,-0.9884616136550903,-0.10261475294828415,0.11141759157180786,-0.08484287559986115,-0.23427200317382812,-0.968461811542511
300,1648819652.2479758,172.00498962402344,89.65120697021484,1361.135009765625,0.9507078528404236,0.30413320660591125,0.060478221625089645,0.295945405960083,-0.9481523036956787,0.1158599704504013,0.0925794318318367,-0.09225072711706161,-0.9914226531982422
4,1648819652.24802,127.75810241699219,-68.83280181884766,1473.985595703125,0.12609060108661652,-0.9663577079772949,0.22417393326759338,-0.9882174134254456,-0.10259441286325455,0.11358154565095901,-0.08676140755414963,-0.2358541339635849,-0.9679076671600342
300,1648819652.2766495,172.0078887939453,89.64361572265625,1361.111328125,0.9506520628929138,0.3041822910308838,0.061104994267225266,0.2958943843841553,-0.948113739490509,0.11630505323410034,0.09331242740154266,-0.09248501062393188,-0.9913321137428284
4,1648819652.2766585,127.8539810180664,-68.74359130859375,1473.837158203125,0.12681803107261658,-0.9664977788925171,0.22315731644630432,-0.9879434704780579,-0.10293136537075043,0.11564086377620697,-0.08879675716161728,-0.2351321578025818,-0.9678987860679626
300,1648819652.3089442,172.01449584960938,89.62602233886719,1361.1024169921875,0.950610339641571,0.3042394518852234,0.061468467116355896,0.29598185420036316,-0.9481697678565979,0.11562386900186539,0.09345988184213638,-0.09171969443559647,-0.991389274597168
4,1648819652.3089519,127.88152313232422,-68.66285705566406,1473.612548828125,0.1270247846841812,-0.9662687182426453,0.22403016686439514,-0.9877663850784302,-0.10262957960367203,0.11740860342979431,-0.09045613557100296,-0.23620326817035675,-0.9674842357635498
300,1648819652.3388753,172.01321411132812,89.6165542602539,1361.1505126953125,0.9506984949111938,0.3041462004184723,0.06055964156985283,0.2959626019001007,-0.948162317276001,0.11573385447263718,0.0926203802227974,-0.09210461378097534,-0.9914324283599854
4,1648819652.3388834,128.173583984375,-68.56900024414062,1473.5418701171875,0.12909035384655,-0.9657412171363831,0.2251213937997818,-0.987333357334137,-0.1040572002530098,0.11977040767669678,-0.09224171191453934,-0.23773105442523956,-0.966941237449646
300,1648819652.368172,172.01467895507812,89.61001586914062,1361.091552734375,0.950644850730896,0.3041704595088959,0.06127540394663811,0.29585808515548706,-0.9481137990951538,0.11639657616615295,0.09350045770406723,-0.0925229862332344,-0.9913108348846436
4,1648819652.3681796,128.7139129638672,-68.4552001953125,1473.5501708984375,0.13299597799777985,-0.9643887877464294,0.22861842811107635,-0.9866922497749329,-0.10706078261137009,0.12237809598445892,-0.09354399144649506,-0.2418518215417862,-0.9657935500144958
300,1648819652.3979475,172.0184326171875,89.60336303710938,1361.1297607421875,0.9507191777229309,0.30410265922546387,0.06045341491699219,0.2959870398044586,-0.948230504989624,0.11511117964982986,0.09232939034700394,-0.0915449783205986,-0.991511344909668
4,1648819652.3979552,128.99249267578125,-68.39857482910156,1473.4998779296875,0.13469476997852325,-0.9639050364494324,0.2296614646911621,-0.9866183400154114,-0.10897178947925568,0.12128235399723053,-0.09187804907560349,-0.24292431771755219,-0.9656842947006226
300,1648819652.428802,172.02166748046875,89.59190368652344,1361.161376953125,0.9507607221603394,0.304034560918808,0.06014195457100868,0.2959188222885132,-0.9482138156890869,0.11542359739542007,0.0921202003955841,-0.09194308519363403,-0.9914939999580383
4,1648819652.4288096,128.93927001953125,-68.40249633789062,1473.4923095703125,0.1340664178133011,-0.9638268351554871,0.230356365442276,-0.9866243004798889,-0.10807010531425476,0.12203838676214218,-0.09272923320531845,-0.24363642930984497,-0.9654235243797302
300,1648819652.460725,172.02098083496094,89.5941390991211,1361.2178955078125,0.950836181640625,0.3039645850658417,0.059296973049640656,0.29600661993026733,-0.9482910633087158,0.114560566842556,0.09105314314365387,-0.09137602895498276,-0.9916449785232544
4,1648819652.4607368,129.14877319335938,-68.33316040039062,1473.4151611328125,0.13554009795188904,-0.9636987447738647,0.23002947866916656,-0.9862756729125977,-0.10914452373981476,0.1238861158490181,-0.09428244084119797,-0.24366401135921478,-0.9652661085128784
300,1648819652.490752,172.01864624023438,89.5834732055664,1361.26953125,0.9509081840515137,0.3040103614330292,0.057890698313713074,0.2960619330406189,-0.948113203048706,0.11588238179683685,0.09011637419462204,-0.09305427223443985,-0.9915744662284851
4,1648819652.4907596,129.2352752685547,-68.29977416992188,1473.304931640625,0.13582336902618408,-0.9632071256637573,0.23191392421722412,-0.9864108562469482,-0.10963205248117447,0.12236988544464111,-0.0924423411488533,-0.2453830987215042,-0.965008556842804
300,1648819652.5204375,172.01919555664062,89.58671569824219,1361.123779296875,0.9507213830947876,0.3042148947715759,0.05985133349895477,0.29609984159469604,-0.9481235146522522,0.11570107191801071,0.09194444864988327,-0.09227751195430756,-0.991479218006134
4,1648819652.520445,129.22015380859375,-68.27155303955078,1473.253662109375,0.13591368496418,-0.9629845023155212,0.2327839583158493,-0.9862309098243713,-0.10916602611541748,0.12422286719083786,-0.0942125916481018,-0.24646231532096863,-0.9645622372627258
300,1648819652.5499847,172.01988220214844,89.58169555664062,1361.0928955078125,0.9506455063819885,0.3042476773262024,0.06088101118803024,0.2960665822029114,-0.9481722116470337,0.11538627743721008,0.09283169358968735,-0.09166661649942398,-0.991453230381012
4,1648819652.5499926,129.58641052246094,-68.17818450927734,1473.2757568359375,0.13846620917320251,-0.9620380401611328,0.2351805716753006,-0.9857563972473145,-0.11099149286746979,0.12635359168052673,-0.09545392543077469,-0.2493264526128769,-0.9637037515640259
300,1648819652.5803847,172.01254272460938,89.58786010742188,1361.1082763671875,0.9506378173828125,0.3042892515659332,0.06079335883259773,0.2960536777973175,-0.9480948448181152,0.11605334281921387,0.09295165538787842,-0.09232659637928009,-0.9913807511329651
4,1648819652.5803926,129.84263610839844,-68.07460021972656,1473.1484375,0.14011254906654358,-0.9617966413497925,0.23519288003444672,-0.9855029582977295,-0.1125144511461258,0.126982182264328,-0.09566843509674072,-0.24957506358623505,-0.9636180996894836
300,1648819652.612343,172.02200317382812,89.56597137451172,1361.1124267578125,0.9506703615188599,0.3042098581790924,0.06068151816725731,0.29601308703422546,-0.9481443762779236,0.11575202643871307,0.0927477478981018,-0.09207949787378311,-0.9914228320121765
4,1648819652.6123507,129.77334594726562,-68.06307220458984,1473.0714111328125,0.1397971361875534,-0.9622207880020142,0.2336406111717224,-0.9853407144546509,-0.11188563704490662,0.12878382205963135,-0.09777744114398956,-0.24821922183036804,-0.9637566208839417
300,1648819652.6423013,172.0157928466797,89.59162139892578,1361.0299072265625,0.9506182074546814,0.30418094992637634,0.061635591089725494,0.2960457503795624,-0.9483268857002258,0.11416250467300415,0.09317674487829208,-0.09027799963951111,-0.9915482997894287
4,1648819652.6423101,130.1047821044922,-67.97237396240234,1473.0322265625,0.14198970794677734,-0.9610092639923096,0.23727653920650482,-0.9851292967796326,-0.11376306414604187,0.1287563592195511,-0.09674274921417236,-0.2520301640033722,-0.9628715515136719
300,1648819652.6720364,172.01988220214844,89.5906982421875,1361.0594482421875,0.9505611658096313,0.3042961061000824,0.061946190893650055,0.29609161615371704,-0.9482603669166565,0.11459513753652573,0.09361197054386139,-0.09058794379234314,-0.9914789795875549
4,1648819652.672044,130.71157836914062,-67.87620544433594,1473.140380859375,0.14612166583538055,-0.9595281481742859,0.2407366782426834,-0.9847719073295593,-0.1179140955209732,0.12775206565856934,-0.09419545531272888,-0.2557380497455597,-0.9621461629867554
300,1648819652.7044992,172.01065063476562,89.57181549072266,1361.1248779296875,0.9506916999816895,0.3042367100715637,0.06021074578166008,0.296102911233902,-0.9481417536735535,0.1155431866645813,0.09224080294370651,-0.09201737493276596,-0.9914758801460266
4,1648819652.7045064,131.07571411132812,-67.88562774658203,1473.4324951171875,0.14935161173343658,-0.9580391645431519,0.2446528971195221,-0.9842116236686707,-0.12027080357074738,0.1298552304506302,-0.09498178958892822,-0.26018431782722473,-0.960875928401947
300,1648819652.7340581,172.01747131347656,89.57909393310547,1361.1121826171875,0.9506063461303711,0.30435711145401,0.060945142060518265,0.29600289463996887,-0.9479743242263794,0.11716233193874359,0.09343361109495163,-0.09333531558513641,-0.9912409782409668
4,1648819652.734066,131.4979248046875,-67.88488006591797,1473.676025390625,0.1524108499288559,-0.9579166769981384,0.2432418167591095,-0.9840636849403381,-0.1242774948477745,0.12717591226100922,-0.09159445017576218,-0.25874844193458557,-0.9615922570228577
300,1648819652.7644095,172.01795959472656,89.57453918457031,1361.0587158203125,0.9505652189254761,0.3043783903121948,0.06147783249616623,0.29609420895576477,-0.948101818561554,0.11589305847883224,0.09356258809566498,-0.09196068346500397,-0.9913572669029236
4,1648819652.764417,131.95730590820312,-67.89054107666016,1473.960693359375,0.15577207505702972,-0.9564944505691528,0.24668481945991516,-0.9837672114372253,-0.12769778072834015,0.126076802611351,-0.08909066021442413,-0.2623196840286255,-0.9608596563339233
300,1648819652.7939923,172.0166015625,89.58192443847656,1361.0849609375,0.9505587816238403,0.30437928438186646,0.06157275661826134,0.29606345295906067,-0.9480817914009094,0.11613497883081436,0.09372509270906448,-0.09216368198394775,-0.9913231134414673
4,1648819652.7939997,132.18453979492188,-67.94496154785156,1474.2803955078125,0.15728233754634857,-0.9551635384559631,0.25084829330444336,-0.983719527721405,-0.12917177379131317,0.12494219839572906,-0.08693771064281464,-0.2664155662059784,-0.9599294662475586
300,1648819652.824312,172.01904296875,89.57533264160156,1361.13232421875,0.9506233334541321,0.3042740821838379,0.061094291508197784,0.2959854304790497,-0.9480834007263184,0.11632084846496582,0.09331589937210083,-0.09249429404735565,-0.9913309216499329
4,1648819652.8243191,132.1886749267578,-68.04134368896484,1474.47021484375,0.15658845007419586,-0.9556151032447815,0.24955938756465912,-0.9841346740722656,-0.1296241730451584,0.12114673107862473,-0.08342071622610092,-0.2645702362060547,-0.9607515931129456
300,1648819652.8569934,172.02169799804688,89.5687484741211,1361.0716552734375,0.9505494236946106,0.3043574094772339,0.06182490289211273,0.2960395812988281,-0.9481167793273926,0.11590979993343353,0.09389523416757584,-0.09187537431716919,-0.9913337230682373
4,1648819652.8570015,131.9886474609375,-68.16751861572266,1474.6622314453125,0.15493954718112946,-0.9558998346328735,0.2494979053735733,-0.984420895576477,-0.12813670933246613,0.1204012930393219,-0.08312173932790756,-0.26426586508750916,-0.9608612656593323
300,1648819652.8864892,172.01889038085938,89.5909194946289,1361.0987548828125,0.9505420923233032,0.3043212592601776,0.062114913016557693,0.2960315942764282,-0.9481897950172424,0.1153317540884018,0.0939946323633194,-0.09123971313238144,-0.9913830161094666
4,1648819652.8864968,131.97793579101562,-68.1845474243164,1474.7569580078125,0.15457363426685333,-0.9554660320281982,0.25137943029403687,-0.9845324754714966,-0.1277235597372055,0.11992720514535904,-0.08247929811477661,-0.2660287916660309,-0.9604300260543823
300,1648819652.9162745,172.02430725097656,89.58409118652344,1361.1153564453125,0.9506050944328308,0.30427518486976624,0.06137275695800781,0.29605382680892944,-0.9481828212738037,0.11533199995756149,0.09328526258468628,-0.0914655402302742,-0.9914292097091675
4,1648819652.9162824,131.91468811035156,-68.20683288574219,1474.71630859375,0.15376536548137665,-0.9557580947875977,0.2507641315460205,-0.9846751093864441,-0.12708041071891785,0.11943807452917099,-0.08228670060634613,-0.2652866244316101,-0.9606518149375916
300,1648819652.9464924,172.0232391357422,89.58755493164062,1361.1212158203125,0.9506157040596008,0.30427131056785583,0.0612272284924984,0.29601216316223145,-0.9481294751167297,0.11587633192539215,0.093309186398983,-0.09202985465526581,-0.9913747310638428
4,1648819652.9465003,131.7259521484375,-68.21922302246094,1474.6376953125,0.1524243801832199,-0.9558775424957275,0.2511274218559265,-0.9848019480705261,-0.12549179792404175,0.1200706735253334,-0.08325842767953873,-0.2656124532222748,-0.9604780077934265
300,1648819652.9767542,172.0164031982422,89.58485412597656,1361.1015625,0.9506517648696899,0.3042618930339813,0.060712218284606934,0.2960856258869171,-0.9481523633003235,0.1155008003115654,0.09270691871643066,-0.09182502329349518,-0.9914502501487732
4,1648819652.9767618,131.87646484375,-68.14993286132812,1474.5611572265625,0.1534469723701477,-0.9556764364242554,0.2512698173522949,-0.9846724271774292,-0.1265445202589035,0.12002788484096527,-0.08291100710630417,-0.2658363878726959,-0.9604461193084717
300,1648819653.0082688,172.01715087890625,89.58641815185547,1361.087158203125,0.9506252408027649,0.3042552173137665,0.06115926429629326,0.29598456621170044,-0.9481148719787598,0.1160658523440361,0.09329964965581894,-0.09223292768001556,-0.9913567900657654
4,1648819653.0082777,132.17132568359375,-68.0838623046875,1474.60986328125,0.15593820810317993,-0.9547937512397766,0.25308531522750854,-0.9841712713241577,-0.12834230065345764,0.12220971286296844,-0.08420351892709732,-0.2681364417076111,-0.9596940279006958
300,1648819653.038306,172.01199340820312,89.59205627441406,1361.12060546875,0.9506999254226685,0.30421653389930725,0.060182325541973114,0.29601985216140747,-0.9480816125869751,0.11624766886234283,0.09242221713066101,-0.0927014872431755,-0.9913952350616455
4,1648819653.0383143,132.43519592285156,-68.0356216430664,1474.6385498046875,0.15783682465553284,-0.954308807849884,0.25373661518096924,-0.9840018153190613,-0.1304997056722641,0.12128601968288422,-0.08263175934553146,-0.26882070302963257,-0.9596391916275024
300,1648819653.0688987,172.01449584960938,89.58544921875,1361.1298828125,0.9507073760032654,0.3042042851448059,0.06012696400284767,0.2960312068462372,-0.9481022953987122,0.11604983359575272,0.09230937063694,-0.09252997487783432,-0.9914218187332153
4,1648819653.0689065,132.6348419189453,-68.0246353149414,1474.7406005859375,0.15938089787960052,-0.9541162252426147,0.2534954249858856,-0.9838690757751465,-0.132384791970253,0.12031564861536026,-0.08123617619276047,-0.2685823142528534,-0.9598250985145569
300,1648819653.098005,172.0105743408203,89.58644104003906,1361.081298828125,0.9506422877311707,0.30427923798561096,0.060773517936468124,0.2960415184497833,-0.9480934143066406,0.11609598994255066,0.09294457733631134,-0.0923742726445198,-0.9913769960403442
4,1648819653.0980127,132.78419494628906,-68.02061462402344,1474.811279296875,0.16047297418117523,-0.9539713263511658,0.25335171818733215,-0.9837883710861206,-0.13376736640930176,0.11944346874952316,-0.08005545288324356,-0.26841190457344055,-0.9599719643592834
300,1648819653.128583,172.01724243164062,89.57625579833984,1361.10009765625,0.9506357908248901,0.3042631149291992,0.060955360531806946,0.29606810212135315,-0.9481626152992249,0.11546139419078827,0.09292623400688171,-0.09171479195356369,-0.991439938545227
4,1648819653.1285908,132.7967529296875,-68.05984497070312,1474.920654296875,0.1604740172624588,-0.9540343880653381,0.25311359763145447,-0.9837705492973328,-0.1337391436100006,0.11962170153856277,-0.08027201890945435,-0.26820188760757446,-0.9600125551223755
300,1648819653.1609364,172.01963806152344,89.58771514892578,1361.1099853515625,0.9506375193595886,0.3042701184749603,0.06089381128549576,0.2960408329963684,-0.9481191635131836,0.11588723957538605,0.09299561381340027,-0.09213969856500626,-0.99139404296875
4,1648819653.1609442,132.35263061523438,-68.15933227539062,1474.901611328125,0.1572624295949936,-0.9545600414276123,0.2531474530696869,-0.9842420220375061,-0.1305125653743744,0.11930674314498901,-0.08084652572870255,-0.2679208517074585,-0.9600428342819214
300,1648819653.1904051,172.01657104492188,89.58454132080078,1361.110595703125,0.9506024718284607,0.304330050945282,0.06114020198583603,0.2959846556186676,-0.9480153918266296,0.11687571555376053,0.09353064745664597,-0.09300578385591507,-0.9912627935409546
4,1648819653.1904125,131.8096466064453,-68.25109100341797,1474.779052734375,0.15340638160705566,-0.9559204578399658,0.2503648102283478,-0.984761118888855,-0.1268841177225113,0.11893655359745026,-0.08192656934261322,-0.264795184135437,-0.9608181715011597
300,1648819653.2201421,172.00900268554688,89.5832290649414,1361.1158447265625,0.9506558179855347,0.3042808175086975,0.06055315583944321,0.29611092805862427,-0.948133647441864,0.11558942496776581,0.09258413314819336,-0.09195531159639359,-0.9914496541023254
4,1648819653.2201498,131.5371551513672,-68.24098205566406,1474.5908203125,0.15142209827899933,-0.9563144445419312,0.25006794929504395,-0.9849426746368408,-0.12462302297353745,0.11982060223817825,-0.08342195302248001,-0.26444607973098755,-0.9607856273651123
300,1648819653.2504697,172.01248168945312,89.5898208618164,1361.1064453125,0.950650155544281,0.304260790348053,0.0607423335313797,0.29602470993995667,-0.9480969905853271,0.11610997468233109,0.09291733801364899,-0.0923987403512001,-0.9913772344589233
4,1648819653.2504773,131.3973846435547,-68.1995620727539,1474.3551025390625,0.1502586007118225,-0.9567535519599915,0.24908827245235443,-0.9850025177001953,-0.12326263636350632,0.12073279172182083,-0.08480825275182724,-0.26349371671676636,-0.9609259366989136
300,1648819653.2804003,172.01776123046875,89.59065246582031,1361.1119384765625,0.9506597518920898,0.3042289912700653,0.06075172498822212,0.2959979176521301,-0.9481129050254822,0.11604797840118408,0.09290464967489243,-0.09233976155519485,-0.9913839101791382
4,1648819653.2804081,131.21205139160156,-68.17611694335938,1474.201416015625,0.14921095967292786,-0.9571138620376587,0.2483326643705368,-0.9850369691848755,-0.12197308242321014,0.12175675481557846,-0.08624517917633057,-0.26278430223464966,-0.9609922766685486
300,1648819653.3128853,172.0209503173828,89.58409881591797,1361.1331787109375,0.9506397843360901,0.3042616844177246,0.06090044602751732,0.29603591561317444,-0.9481260776519775,0.11584341526031494,0.0929880142211914,-0.09209664165973663,-0.9913987517356873
4,1648819653.312893,131.18014526367188,-68.13382720947266,1474.0732421875,0.14891964197158813,-0.9575790762901306,0.246708944439888,-0.9850417375564575,-0.12178194522857666,0.1219097450375557,-0.08669352531433105,-0.2611733675003052,-0.961391031742096
300,1648819653.3426769,172.0183868408203,89.58414459228516,1361.1171875,0.9506475925445557,0.3042336702346802,0.060918498784303665,0.29603317379951477,-0.9481619000434875,0.11555694788694382,0.09291691333055496,-0.09182003885507584,-0.9914310574531555
4,1648819653.3426852,131.38784790039062,-68.07234954833984,1474.081298828125,0.1505787968635559,-0.9570626020431519,0.24770377576351166,-0.9846879839897156,-0.12293616682291031,0.12359732389450073,-0.08783862739801407,-0.2625220715999603,-0.9609196186065674
300,1648819653.3722959,172.01869201660156,89.59062194824219,1361.1116943359375,0.9506500363349915,0.30421289801597595,0.0609833262860775,0.2959810793399811,-0.9481450915336609,0.11582761257886887,0.0930572971701622,-0.0920616164803505,-0.9913954734802246
4,1648819653.3723032,131.28627014160156,-68.07974243164062,1474.00830078125,0.1499159187078476,-0.9574166536331177,0.24673572182655334,-0.9847729206085205,-0.12237923592329025,0.12347310781478882,-0.08801988512277603,-0.26148924231529236,-0.9611846208572388
300,1648819653.404201,172.01919555664062,89.59313201904297,1361.156982421875,0.9506813287734985,0.3042075037956238,0.060521528124809265,0.29598361253738403,-0.9480986595153809,0.11620069295167923,0.09272950142621994,-0.09255644679069519,-0.9913800954818726
4,1648819653.4042091,131.0251922607422,-68.13056945800781,1474.0548095703125,0.14806129038333893,-0.9580605626106262,0.24535247683525085,-0.9850223064422607,-0.12069161236286163,0.1231444776058197,-0.08836787939071655,-0.25991058349609375,-0.961580753326416
300,1648819653.4341826,172.0128173828125,89.58275604248047,1361.1116943359375,0.9506248235702515,0.3042389452457428,0.06124604493379593,0.2960500717163086,-0.9482108354568481,0.11511129885911942,0.09309550374746323,-0.0912957638502121,-0.9914627075195312
4,1648819653.4341905,130.88577270507812,-68.1596450805664,1474.0150146484375,0.1468980759382248,-0.9582566022872925,0.24528610706329346,-0.985181450843811,-0.11954326182603836,0.12299162894487381,-0.08853524178266525,-0.25971853733062744,-0.9616172909736633
300,1648819653.4642024,172.0174102783203,89.57799530029297,1361.11083984375,0.950620174407959,0.3042372763156891,0.06132708117365837,0.29601144790649414,-0.9481847286224365,0.11542520672082901,0.09326604753732681,-0.09157201647758484,-0.9914212226867676
4,1648819653.4642103,130.68858337402344,-68.20431518554688,1473.929443359375,0.14539870619773865,-0.9591019153594971,0.2428635209798813,-0.9854130148887634,-0.11844484508037567,0.12219660729169846,-0.08843307197093964,-0.2570880949497223,-0.9623332619667053
300,1648819653.494669,172.00848388671875,89.62168884277344,1361.1300048828125,0.9507102966308594,0.30416104197502136,0.060299184173345566,0.29596206545829773,-0.9481107592582703,0.1161569282412529,0.0925007164478302,-0.09258531779050827,-0.991398811340332
4,1648819653.4946766,130.79417419433594,-68.18024444580078,1474.020263671875,0.14662151038646698,-0.9582079648971558,0.2456413209438324,-0.9853347539901733,-0.1195647269487381,0.12173604220151901,-0.08727841079235077,-0.25988805294036865,-0.961686372756958
300,1648819653.5245984,172.0152130126953,89.59815979003906,1361.0789794921875,0.9507079124450684,0.30409854650497437,0.060651034116744995,0.2959182560443878,-0.9481914043426514,0.11560896784067154,0.09266530722379684,-0.09196260571479797,-0.9914413690567017
4,1648819653.5246062,131.44935607910156,-68.12313842773438,1474.216552734375,0.14969535171985626,-0.9566550850868225,0.24980458617210388,-0.9850833415985107,-0.12261856347322464,0.12072926759719849,-0.08486559242010117,-0.2641509473323822,-0.9607403874397278
300,1648819653.5561507,172.0093536376953,89.59120178222656,1361.1014404296875,0.9506255984306335,0.3043520152568817,0.060669854283332825,0.29606395959854126,-0.948008120059967,0.11673347651958466,0.09304358065128326,-0.09300767630338669,-0.9913084506988525
4,1648819653.5561585,131.96237182617188,-68.0537109375,1474.4014892578125,0.1537991315126419,-0.9548795819282532,0.2540685534477234,-0.984433114528656,-0.12593823671340942,0.122601218521595,-0.08507245779037476,-0.26896944642066956,-0.9593842625617981
300,1648819653.5862134,172.0261993408203,89.60033416748047,1361.067138671875,0.9505682587623596,0.30434441566467285,0.06159934401512146,0.29600760340690613,-0.9480751156806946,0.11633159965276718,0.09380567818880081,-0.09234724938869476,-0.9912983775138855
4,1648819653.5862212,132.5233917236328,-67.9762954711914,1474.6048583984375,0.15804889798164368,-0.953753650188446,0.255684494972229,-0.9837939143180847,-0.12989097833633423,0.1236036941409111,-0.08467637002468109,-0.2710762619972229,-0.9588261246681213
300,1648819653.6160357,172.0224609375,89.58122253417969,1361.13525390625,0.9506453275680542,0.3043515980243683,0.060361817479133606,0.29605185985565186,-0.9479585289955139,0.11716639995574951,0.09288027882575989,-0.09351346641778946,-0.991276204586029
4,1648819653.6160474,132.84017944335938,-67.96056365966797,1474.738037109375,0.1603517383337021,-0.9528485536575317,0.2576177418231964,-0.9836165904998779,-0.13247253000736237,0.12226781249046326,-0.0823754295706749,-0.273002952337265,-0.9584798812866211
300,1648819653.64654,172.02354431152344,89.56343841552734,1361.1204833984375,0.950606644153595,0.3042961061000824,0.061244092881679535,0.2960914969444275,-0.9481775164604187,0.11527889966964722,0.09314919263124466,-0.09145103394985199,-0.9914433360099792
4,1648819653.646548,132.7797088623047,-68.0042724609375,1474.78173828125,0.1602492779493332,-0.9531747698783875,0.25647228956222534,-0.9836573004722595,-0.13260115683078766,0.12179984897375107,-0.08208801597356796,-0.2717992067337036,-0.9588465690612793
300,1648819653.6761813,172.025146484375,89.5418930053711,1361.1112060546875,0.9505581855773926,0.30443277955055237,0.06131763011217117,0.2961246967315674,-0.9480421543121338,0.11630216240882874,0.09353788942098618,-0.09239430725574493,-0.9913192987442017
4,1648819653.676189,132.63427734375,-68.05702209472656,1474.7955322265625,0.15940771996974945,-0.9540275931358337,0.2538119852542877,-0.9836885333061218,-0.13179434835910797,0.12242171168327332,-0.08334270119667053,-0.26918691396713257,-0.959475040435791
300,1648819653.708077,172.02647399902344,89.54200744628906,1361.0810546875,0.9505475163459778,0.3043968081474304,0.061660442501306534,0.2961520254611969,-0.948156476020813,0.11529644578695297,0.0935596227645874,-0.09133388102054596,-0.9914155006408691
4,1648819653.7080846,132.57156372070312,-68.07999420166016,1474.7501220703125,0.15868230164051056,-0.954329788684845,0.25312963128089905,-0.9838083982467651,-0.131197988986969,0.12209881097078323,-0.08331243693828583,-0.2684059739112854,-0.9596964716911316
300,1648819653.7387528,172.0249786376953,89.55301666259766,1361.124755859375,0.9506182670593262,0.30431637167930603,0.06096292659640312,0.2961057722568512,-0.9481317400932312,0.11561846733093262,0.09298548102378845,-0.09185755252838135,-0.9914211630821228
4,1648819653.7387605,132.5866241455078,-68.07589721679688,1474.785888671875,0.1588185876607895,-0.9537396430969238,0.25525933504104614,-0.9837689995765686,-0.13099855184555054,0.12262935936450958,-0.0835178792476654,-0.2705920338630676,-0.9590644836425781
300,1648819653.7686253,172.030029296875,89.54071807861328,1361.121337890625,0.9505653977394104,0.3043951690196991,0.06139196455478668,0.29611635208129883,-0.9480916261672974,0.11591973155736923,0.0934906154870987,-0.09201012551784515,-0.9913594722747803
4,1648819653.768633,132.5919189453125,-68.08213806152344,1474.7998046875,0.1585424244403839,-0.9535285234451294,0.25621792674064636,-0.9839209914207458,-0.13096390664577484,0.12144109606742859,-0.08224225044250488,-0.27135175466537476,-0.9589600563049316
300,1648819653.798406,172.0220489501953,89.5501708984375,1361.075927734375,0.9505645036697388,0.30434200167655945,0.06166880950331688,0.29603737592697144,-0.948115885257721,0.11592310667037964,0.09374944865703583,-0.09193611145019531,-0.9913418889045715
4,1648819653.798414,132.63784790039062,-68.0785140991211,1474.84765625,0.15900646150112152,-0.953887939453125,0.25458744168281555,-0.9838300347328186,-0.13156141340732574,0.1215319037437439,-0.08243393152952194,-0.26979514956474304,-0.9593827128410339
300,1648819653.828229,172.0296630859375,89.53856658935547,1361.0621337890625,0.9505729079246521,0.3043098747730255,0.06169835478067398,0.2960715889930725,-0.948194146156311,0.11519297957420349,0.09355638176202774,-0.09123218804597855,-0.9914251565933228
4,1648819653.8282368,132.84849548339844,-68.06288146972656,1474.8995361328125,0.16035151481628418,-0.9531108736991882,0.25664570927619934,-0.9837031364440918,-0.13288433849811554,0.12111938744783401,-0.08133601397275925,-0.27188485860824585,-0.9588863849639893
300,1648819653.8601787,172.02870178222656,89.51948547363281,1361.127197265625,0.9506098031997681,0.3043932318687439,0.0607108473777771,0.2962009906768799,-0.9480957984924316,0.11566922068595886,0.09276862442493439,-0.091973677277565,-0.9914306998252869
4,1648819653.860186,132.83050537109375,-68.11429595947266,1474.9898681640625,0.16063383221626282,-0.9529011249542236,0.25724735856056213,-0.9836679100990295,-0.133113294839859,0.12115395814180374,-0.08120469748973846,-0.2725073993206024,-0.9587207436561584
300,1648819653.8900378,172.02622985839844,89.52245330810547,1361.1290283203125,0.9506040811538696,0.3043895959854126,0.06081840768456459,0.2961743175983429,-0.9480870366096497,0.11580908298492432,0.0929122269153595,-0.09207573533058167,-0.9914077520370483
4,1648819653.8900456,132.7286376953125,-68.1631851196289,1475.0428466796875,0.15992802381515503,-0.9531875848770142,0.25662511587142944,-0.9838335514068604,-0.13268965482711792,0.12027043849229813,-0.08058878779411316,-0.2717110216617584,-0.9589987397193909
300,1648819653.9205678,172.028564453125,89.51919555664062,1361.0936279296875,0.9506271481513977,0.30427974462509155,0.06100736930966377,0.29615435004234314,-0.9482321739196777,0.11466619372367859,0.09273975342512131,-0.09093719720840454,-0.9915289878845215
4,1648819653.920576,132.73040771484375,-68.17776489257812,1475.0780029296875,0.15986868739128113,-0.9538136124610901,0.2543257474899292,-0.9838821887969971,-0.13305336236953735,0.11946821957826614,-0.08011151850223541,-0.26932579278945923,-0.9597113132476807
300,1648819653.950315,172.02774047851562,89.51435089111328,1361.0972900390625,0.9505847096443176,0.30438432097435,0.06114639714360237,0.2962065637111664,-0.9481649398803711,0.11508659273386002,0.09300742298364639,-0.09128759801387787,-0.9914717078208923
4,1648819653.950323,133.09420776367188,-68.12244415283203,1475.1416015625,0.16264718770980835,-0.9520800113677979,0.2590165138244629,-0.9834732413291931,-0.1352708339691162,0.12034175544977188,-0.07953760027885437,-0.27430906891822815,-0.9583466649055481
300,1648819653.980871,172.03175354003906,89.51590728759766,1361.1202392578125,0.9506698846817017,0.3042948246002197,0.06026122719049454,0.2961386442184448,-0.9481076002120972,0.11573174595832825,0.09235069900751114,-0.09217700362205505,-0.991450846195221
4,1648819653.9808788,133.25489807128906,-68.082763671875,1475.164306640625,0.16383537650108337,-0.9518630504608154,0.2590649724006653,-0.9832446575164795,-0.13628843426704407,0.12105967104434967,-0.07992467284202576,-0.27455809712409973,-0.9582431316375732
300,1648819654.0127783,172.03646850585938,89.51274108886719,1361.0997314453125,0.950536847114563,0.3044615387916565,0.061505142599344254,0.29622769355773926,-0.9481287598609924,0.11532995104789734,0.09342832863330841,-0.09140583872795105,-0.9914212822914124
4,1648819654.0127857,132.77890014648438,-68.13740539550781,1474.97705078125,0.1606568545103073,-0.953332781791687,0.2556285560131073,-0.9836902022361755,-0.13342784345149994,0.12062590569257736,-0.08088865876197815,-0.2708387076854706,-0.9592202305793762
300,1648819654.042436,172.0287628173828,89.5200424194336,1361.120849609375,0.9505358338356018,0.3044184446334839,0.06173364073038101,0.2961200177669525,-0.948106050491333,0.11579224467277527,0.09377933293581009,-0.09178411215543747,-0.9913531541824341
4,1648819654.0424435,132.74855041503906,-68.10115051269531,1474.86181640625,0.15997999906539917,-0.9537559747695923,0.25447189807891846,-0.9837544560432434,-0.1327754557132721,0.12082144618034363,-0.0814465582370758,-0.2696668803691864,-0.9595031142234802
300,1648819654.0723014,172.02838134765625,89.52308654785156,1361.1412353515625,0.9506298303604126,0.3043587803840637,0.06056957691907883,0.2961454689502716,-0.948068380355835,0.1160353571176529,0.0927404835820198,-0.09236925840377808,-0.9913965463638306
4,1648819654.072309,132.0865020751953,-68.14479064941406,1474.5518798828125,0.15581963956356049,-0.9557359218597412,0.24957770109176636,-0.9842087030410767,-0.12873560190200806,0.12149239331483841,-0.0839851126074791,-0.26456746459007263,-0.9607031345367432
300,1648819654.1049187,172.0313720703125,89.52752685546875,1361.115966796875,0.9505719542503357,0.3043311536312103,0.06160759553313255,0.296074241399765,-0.9481586217880249,0.1154785230755806,0.09355748444795609,-0.0915302261710167,-0.9913976192474365
4,1648819654.1049263,131.38134765625,-68.22229766845703,1474.2816162109375,0.1507369726896286,-0.9567821025848389,0.24868935346603394,-0.9848382472991943,-0.12348902225494385,0.12183649837970734,-0.08586057275533676,-0.2632840573787689,-0.9608899354934692
300,1648819654.134196,172.02357482910156,89.53825378417969,1361.129638671875,0.9505981802940369,0.30430731177330017,0.06132040172815323,0.29610341787338257,-0.9481838345527649,0.11519641429185867,0.09319812059402466,-0.0913483202457428,-0.9914482235908508
4,1648819654.1342034,130.291259765625,-68.35330963134766,1473.9908447265625,0.14279894530773163,-0.9595389366149902,0.24267971515655518,-0.9857311844825745,-0.11579965800046921,0.12216554582118988,-0.08912037312984467,-0.2566620707511902,-0.9623835682868958
300,1648819654.164835,172.02883911132812,89.51527404785156,1361.131103515625,0.9506054520606995,0.30436593294143677,0.060915056616067886,0.29615578055381775,-0.9481111168861389,0.1156594529747963,0.0929570347070694,-0.09190616011619568,-0.9914193153381348
4,1648819654.164843,129.38150024414062,-68.49071502685547,1473.763427734375,0.1358886957168579,-0.9611929059028625,0.240088552236557,-0.9865067005157471,-0.10894038528203964,0.12221485376358032,-0.09131671488285065,-0.25345659255981445,-0.9630270004272461
300,1648819654.194568,172.02513122558594,89.52285766601562,1361.10986328125,0.9506794214248657,0.304282009601593,0.06017583981156349,0.29612746834754944,-0.9481028318405151,0.11579958349466324,0.09228861331939697,-0.09226856380701065,-0.9914481043815613
4,1648819654.194576,128.38389587402344,-68.59579467773438,1473.4674072265625,0.1284409463405609,-0.964249312877655,0.23178914189338684,-0.9871881008148193,-0.10200134664773941,0.12270048260688782,-0.09467104822397232,-0.2445792406797409,-0.9649965763092041
300,1648819654.2240958,172.02210998535156,89.53163146972656,1361.119384765625,0.9506358504295349,0.3043433725833893,0.06055275723338127,0.29610908031463623,-0.9480502009391785,0.11627667397260666,0.09279508143663406,-0.0926065519452095,-0.9913693070411682
4,1648819654.2241037,127.88230895996094,-68.64295959472656,1473.3834228515625,0.12490888684988022,-0.965036153793335,0.23044078052043915,-0.9875028133392334,-0.09842447936534882,0.12308882921934128,-0.09610415995121002,-0.24293580651283264,-0.9652699828147888
300,1648819654.257047,172.02838134765625,89.5259780883789,1361.0977783203125,0.9505745768547058,0.304353266954422,0.061457809060811996,0.2961694598197937,-0.9482055306434631,0.11484743654727936,0.09322882443666458,-0.09096912294626236,-0.9914802312850952
4,1648819654.2570548,127.49972534179688,-68.71395874023438,1473.3033447265625,0.1220763623714447,-0.9658151268959045,0.2286887764930725,-0.9878550171852112,-0.095918208360672,0.1222381442785263,-0.09612402319908142,-0.24083374440670013,-0.9657946228981018
300,1648819654.286582,172.02403259277344,89.53742218017578,1361.1331787109375,0.9506622552871704,0.3042919933795929,0.060396160930395126,0.2961213290691376,-0.9481104016304016,0.11575312167406082,0.0924849733710289,-0.09215753525495529,-0.9914401173591614
4,1648819654.2865899,127.3022232055664,-68.75544738769531,1473.33837890625,0.12060560286045074,-0.9664627313613892,0.226724773645401,-0.9881550073623657,-0.09504903852939606,0.12047947198152542,-0.09488894790410995,-0.2385697215795517,-0.9664784669876099
300,1648819654.3164713,172.02784729003906,89.53463745117188,1361.0758056640625,0.950583279132843,0.30437377095222473,0.06122155860066414,0.2961450219154358,-0.948127031326294,0.11555610597133636,0.09321806579828262,-0.0917152389883995,-0.9914124608039856
4,1648819654.3164787,127.77671813964844,-68.72941589355469,1473.4774169921875,0.12374752014875412,-0.9652552604675293,0.23014961183071136,-0.9880204796791077,-0.09830091893672943,0.11896435171365738,-0.09220704436302185,-0.24211406707763672,-0.9658564329147339
300,1648819654.3466387,172.02708435058594,89.53321075439453,1361.0909423828125,0.9506476521492004,0.3042620122432709,0.060775138437747955,0.29611214995384216,-0.9481859803199768,0.11515628546476364,0.09266381710767746,-0.09147679805755615,-0.9914864897727966
4,1648819654.3466465,128.02133178710938,-68.7153549194336,1473.6075439453125,0.12602250277996063,-0.964910626411438,0.23036016523838043,-0.9876876473426819,-0.10034482926130295,0.12001673132181168,-0.09268996864557266,-0.24264870584011078,-0.9656760096549988
300,1648819654.3769946,172.02349853515625,89.54841613769531,1361.112060546875,0.9505941271781921,0.3043113350868225,0.06136291101574898,0.29607927799224854,-0.9481599926948547,0.11545433104038239,0.09331591427326202,-0.09158192574977875,-0.9914156198501587
4,1648819654.3770022,128.36932373046875,-68.66059112548828,1473.7041015625,0.1281999796628952,-0.9642598032951355,0.23187881708145142,-0.9874764680862427,-0.10243198275566101,0.11999121308326721,-0.09195089340209961,-0.24435774981975555,-0.9653156399726868
300,1648819654.4085493,172.0244903564453,89.5405502319336,1361.1336669921875,0.9506557583808899,0.3043005168437958,0.060455020517110825,0.2961283028125763,-0.9481133818626404,0.1157112568616867,0.09252920746803284,-0.092099130153656,-0.9914414286613464
4,1648819654.4085577,128.5650634765625,-68.62688446044922,1473.7166748046875,0.12969401478767395,-0.9636760354042053,0.23346935212612152,-0.9872633218765259,-0.10362113267183304,0.12072218209505081,-0.09214471280574799,-0.24615266919136047,-0.9648410081863403
300,1648819654.4387896,172.02792358398438,89.52935791015625,1361.1392822265625,0.9506330490112305,0.30433037877082825,0.060661815106868744,0.2961415946483612,-0.9481127262115479,0.11568237841129303,0.0927198976278305,-0.09200700372457504,-0.9914321899414062
4,1648819654.438797,128.55136108398438,-68.61726379394531,1473.6455078125,0.13006331026554108,-0.9636135101318359,0.23352205753326416,-0.9872849583625793,-0.10415778309106827,0.1200815737247467,-0.09138908237218857,-0.2461710125207901,-0.964908242225647
300,1648819654.4683824,172.0343475341797,89.52816009521484,1361.111328125,0.9505912661552429,0.30432870984077454,0.061321455985307693,0.296105295419693,-0.9481582045555115,0.11540240794420242,0.0932627022266388,-0.09154290705919266,-0.9914242029190063
4,1648819654.4683907,128.41278076171875,-68.60090637207031,1473.5489501953125,0.12897291779518127,-0.9643320441246033,0.23114870488643646,-0.9872372150421143,-0.10290142148733139,0.12154828757047653,-0.093427374958992,-0.24387504160404205,-0.9652959704399109
300,1648819654.4985452,172.0298614501953,89.5204086303711,1361.1483154296875,0.950608491897583,0.30439895391464233,0.060702133923769,0.2961931526660919,-0.948079526424408,0.11582258343696594,0.09280672669410706,-0.09212237596511841,-0.9914132952690125
4,1648819654.4985526,128.20852661132812,-68.59668731689453,1473.414306640625,0.12750405073165894,-0.9647219181060791,0.23033516108989716,-0.9873674511909485,-0.10143468528985977,0.12172296643257141,-0.09406483918428421,-0.2429456114768982,-0.9654684066772461
300,1648819654.528998,172.0308380126953,89.53108978271484,1361.126220703125,0.9505932331085205,0.30437520146369934,0.061059169471263885,0.29613715410232544,-0.9480980038642883,0.11581431329250336,0.09314107894897461,-0.09201041609048843,-0.9913923740386963
4,1648819654.5290053,127.89698791503906,-68.61690521240234,1473.333251953125,0.1256539225578308,-0.9655597805976868,0.22782747447490692,-0.9874270558357239,-0.09952109307050705,0.12281449884176254,-0.09591110795736313,-0.24039512872695923,-0.9659250974655151
300,1648819654.5603848,172.03221130371094,89.52037811279297,1361.1011962890625,0.9505813121795654,0.3043991029262543,0.06112542748451233,0.296160489320755,-0.9480980038642883,0.11575467139482498,0.09318850934505463,-0.0919312983751297,-0.9913952350616455
4,1648819654.5603926,127.65914154052734,-68.67378997802734,1473.31494140625,0.12394405156373978,-0.966546893119812,0.22455503046512604,-0.9877959489822388,-0.09867050498723984,0.12051280587911606,-0.09432432055473328,-0.23675139248371124,-0.9669806957244873
300,1648819654.5900583,172.03086853027344,89.52256774902344,1361.171142578125,0.9506411552429199,0.30430230498313904,0.06067560240626335,0.29617738723754883,-0.9481862187385559,0.11498615890741348,0.09252232313156128,-0.0913398265838623,-0.9915122985839844
4,1648819654.5900657,127.49932861328125,-68.732421875,1473.3570556640625,0.1230606734752655,-0.9670683741569519,0.22278866171836853,-0.9879766702651978,-0.09821492433547974,0.11939802020788193,-0.09358488023281097,-0.2348031997680664,-0.967527449131012
300,1648819654.6209805,172.0276641845703,89.53160095214844,1361.1300048828125,0.9506122469902039,0.30433589220046997,0.060959529131650925,0.29610565304756165,-0.9481058120727539,0.11583074182271957,0.09304753690958023,-0.0920596569776535,-0.9913966059684753
4,1648819654.6209881,127.36546325683594,-68.78398895263672,1473.4180908203125,0.1224014014005661,-0.9668587446212769,0.22405807673931122,-0.988082230091095,-0.09748247265815735,0.11912474781274796,-0.09333506971597672,-0.23596884310245514,-0.9672679305076599
300,1648819654.6503422,172.0257568359375,89.53547668457031,1361.1280517578125,0.9506300687789917,0.30429884791374207,0.060866255313158035,0.29613059759140015,-0.9481673240661621,0.11526235938072205,0.09278559684753418,-0.09154750406742096,-0.9914685487747192
4,1648819654.6503499,127.16780090332031,-68.82523345947266,1473.4859619140625,0.12129171937704086,-0.9673807621002197,0.22240234911441803,-0.9881214499473572,-0.09637277573347092,0.11970099806785583,-0.09436291456222534,-0.23427926003932953,-0.9675788879394531
300,1648819654.6802838,172.0313262939453,89.53118896484375,1361.1790771484375,0.9507154226303101,0.30421072244644165,0.059967029839754105,0.29611140489578247,-0.9481546878814697,0.11541561782360077,0.09196868538856506,-0.09197048842906952,-0.99150550365448
4,1648819654.6802917,127.31371307373047,-68.80980682373047,1473.474365234375,0.12158531695604324,-0.9669375419616699,0.22416234016418457,-0.9882463216781616,-0.09684394299983978,0.11828121542930603,-0.0926617830991745,-0.2359088659286499,-0.9673473238945007
300,1648819654.7127705,172.02792358398438,89.53935241699219,1361.10693359375,0.9506146907806396,0.3043164610862732,0.061018265783786774,0.2960319519042969,-0.9480651617050171,0.11635074019432068,0.09325674176216125,-0.09254136681556702,-0.9913320541381836
4,1648819654.7127788,127.12553405761719,-68.8150863647461,1473.3856201171875,0.11998457461595535,-0.9674898386001587,0.2226366251707077,-0.9883760809898376,-0.09532108902931213,0.11843378096818924,-0.0933615192770958,-0.23425894975662231,-0.9676809310913086
300,1648819654.7427788,172.03082275390625,89.5290298461914,1361.128662109375,0.9506022930145264,0.3043418526649475,0.061084236949682236,0.29609325528144836,-0.9481008648872375,0.11590287834405899,0.09318811446428299,-0.0920909121632576,-0.9913804531097412
4,1648819654.7427866,127.50392150878906,-68.74964141845703,1473.36083984375,0.12304539978504181,-0.9664211273193359,0.22558826208114624,-0.9879745841026306,-0.09784390032291412,0.11971952021121979,-0.09362703561782837,-0.23760640621185303,-0.9668387770652771
300,1648819654.7723553,172.02928161621094,89.53865814208984,1361.091552734375,0.9505776166915894,0.30437809228897095,0.0612875260412693,0.2961846590042114,-0.9481682777404785,0.11511562019586563,0.09314955770969391,-0.09127390384674072,-0.9914596676826477
4,1648819654.7723627,127.57978820800781,-68.69696044921875,1473.3212890625,0.12385242432355881,-0.9663150906562805,0.22560083866119385,-0.9878348708152771,-0.0985211655497551,0.12031540274620056,-0.09403613209724426,-0.23775774240493774,-0.9667618274688721
300,1648819654.8043833,172.028564453125,89.5334243774414,1361.1309814453125,0.950677752494812,0.30422496795654297,0.060489606112241745,0.29607367515563965,-0.9481617212295532,0.11545436829328537,0.09247802942991257,-0.09185051918029785,-0.9914692640304565
4,1648819654.804391,127.99823760986328,-68.64690399169922,1473.4522705078125,0.1269894242286682,-0.9653473496437073,0.22798721492290497,-0.9874292612075806,-0.10122373700141907,0.12139713019132614,-0.09411267936229706,-0.2405373901128769,-0.9660665392875671
300,1648819654.834333,172.02940368652344,89.53347778320312,1361.1195068359375,0.9505801796913147,0.3043554723262787,0.06135982275009155,0.29616621136665344,-0.9481879472732544,0.1150008887052536,0.0931817963719368,-0.091144859790802,-0.9914684891700745
