300,1648476755.297874,239.1497802734375,59.019954681396484,1528.8040771484375,0.8617035150527954,0.49999621510505676,-0.0864342600107193,-0.5071272850036621,0.8429253101348877,-0.1797187626361847,-0.017001068219542503,0.19869744777679443,0.9799134135246277
4,1648476755.2978826,-8.586671829223633,57.8808708190918,1563.690673828125,-0.11378983408212662,-0.9880949258804321,0.10353866964578629,-0.9094448089599609,0.061641160398721695,-0.4112304449081421,0.3999524712562561,-0.1409565508365631,-0.905631959438324
410,1648476755.2978883,-22.7108097076416,-52.74537658691406,1584.4468994140625,-0.11849166452884674,0.9920260310173035,-0.042942650616168976,-0.9048405289649963,-0.09006514400243759,0.41611525416374207,0.4089295268058777,0.08816243708133698,0.9082973003387451
300,1648476755.3303955,239.14988708496094,59.01581573486328,1528.795654296875,0.8617344498634338,0.4999045729637146,-0.08665540814399719,-0.5070760250091553,0.8428882360458374,-0.18003711104393005,-0.01696055568754673,0.1990850567817688,0.9798354506492615
4,1648476755.3304029,-8.521410942077637,57.89783477783203,1563.6221923828125,-0.11342047154903412,-0.9879928231239319,0.1049095019698143,-0.9102743864059448,0.06101761758327484,-0.40948423743247986,0.39816614985466003,-0.14194032549858093,-0.9062651991844177
410,1648476755.330408,-23.996129989624023,-52.56624221801758,1583.983642578125,-0.11877579241991043,0.9926553964614868,-0.022969838231801987,-0.9060019850730896,-0.09888388216495514,0.41156089305877686,0.4062667787075043,0.06969419121742249,0.9110927581787109
300,1648476755.361613,239.1483612060547,59.0173454284668,1528.821044921875,0.8617304563522339,0.49998125433921814,-0.08625141531229019,-0.5070692896842957,0.8428744673728943,-0.1801203340291977,-0.01735767349600792,0.1989506185054779,0.9798557758331299
4,1648476755.3616216,-8.567438125610352,57.87906265258789,1563.6612548828125,-0.11424639821052551,-0.9880330562591553,0.10362618416547775,-0.9095381498336792,0.062068045139312744,-0.4109596908092499,0.39960989356040955,-0.1412026286125183,-0.9057448506355286
410,1648476755.3616269,-25.2624568939209,-52.426055908203125,1583.7469482421875,-0.1197696253657341,0.9927964806556702,-0.0032304073683917522,-0.9063634276390076,-0.10801339894533157,0.4084586501121521,0.4051673710346222,0.051848866045475006,0.9127711057662964
300,1648476755.3901782,239.1514129638672,59.0206184387207,1528.82568359375,0.8617067337036133,0.5000816583633423,-0.08590599149465561,-0.5071006417274475,0.8428763151168823,-0.1800234615802765,-0.01761830411851406,0.19869042932987213,0.9799039363861084
4,1648476755.3901868,-8.509106636047363,57.89094924926758,1563.6468505859375,-0.11412722617387772,-0.9878676533699036,0.10532097518444061,-0.9098214507102966,0.06135181337594986,-0.4104398787021637,0.3989986479282379,-0.14266563951969147,-0.905785083770752
410,1648476755.3901923,-26.415691375732422,-52.23067855834961,1583.6907958984375,-0.12013041228055954,0.9926361441612244,0.015561835840344429,-0.9066185355186462,-0.11608022451400757,0.40567007660865784,0.4044892191886902,0.03462466597557068,0.913887083530426
300,1648476755.4225693,239.15228271484375,59.020572662353516,1528.815185546875,0.8617175221443176,0.500027060508728,-0.08611538261175156,-0.5070975422859192,0.8429839015007019,-0.1795276403427124,-0.017174797132611275,0.198371022939682,0.9799765348434448
4,1648476755.422577,-8.506494522094727,57.893882751464844,1563.6806640625,-0.11437347531318665,-0.9877714514732361,0.10595384240150452,-0.9097352623939514,0.061290182173252106,-0.41064006090164185,0.3991245925426483,-0.14335627853870392,-0.9056205153465271
410,1648476755.4225826,-27.781660079956055,-52.06898498535156,1583.7620849609375,-0.1205911859869957,0.9920608401298523,0.03568018227815628,-0.9062989354133606,-0.12469015270471573,0.40382498502731323,0.40506792068481445,0.016360824927687645,0.9141402244567871
300,1648476755.451851,239.1531219482422,59.01944351196289,1528.8193359375,0.8616954684257507,0.500133216381073,-0.08571872860193253,-0.5071297883987427,0.8430467844009399,-0.17914089560508728,-0.017329413443803787,0.19783541560173035,0.9800820350646973
4,1648476755.4518595,-8.491475105285645,57.89668273925781,1563.6817626953125,-0.11499731242656708,-0.987559974193573,0.10724207758903503,-0.9097703695297241,0.06135591119527817,-0.4105525016784668,0.398865282535553,-0.14477810263633728,-0.9055085778236389
410,1648476755.4518645,-28.946685791015625,-51.88999938964844,1583.894287109375,-0.12066072970628738,0.9911910891532898,0.05460003763437271,-0.9059433341026306,-0.13243599236011505,0.4021534323692322,0.4058419167995453,-0.0009404182783327997,0.913942813873291
300,1648476755.4824977,239.15077209472656,59.019039154052734,1528.8067626953125,0.8617169260978699,0.5000154376029968,-0.08618882298469543,-0.5071069002151489,0.8430531620979309,-0.17917588353157043,-0.01692895032465458,0.1981058269739151,0.9800344109535217
4,1648476755.4825063,-8.621620178222656,57.90638732910156,1563.7132568359375,-0.11584186553955078,-0.9877071976661682,0.1049533560872078,-0.909377932548523,0.06296350806951523,-0.4111780822277069,0.399515300989151,-0.1430739015340805,-0.905492901802063
410,1648476755.4825113,-30.195348739624023,-51.697052001953125,1584.1522216796875,-0.12177447974681854,0.9898508787155151,0.07325473427772522,-0.9052372574806213,-0.14102806150913239,0.40081995725631714,0.4070829749107361,-0.017503267154097557,0.9132234454154968
300,1648476755.512798,239.1519317626953,59.01896286010742,1528.8267822265625,0.8617082834243774,0.5000384449958801,-0.08614180982112885,-0.5071153044700623,0.8429903984069824,-0.17944692075252533,-0.01711363159120083,0.19831472635269165,0.9799889922142029
4,1648476755.5128057,-8.691274642944336,57.91315841674805,1563.7197265625,-0.1159920021891594,-0.9876798987388611,0.10504429042339325,-0.9094226956367493,0.06308337301015854,-0.4110606610774994,0.3993698060512543,-0.14320941269397736,-0.9055356383323669
410,1648476755.512811,-31.244792938232422,-51.54803466796875,1584.507080078125,-0.12264745682477951,0.9884021878242493,0.08954749256372452,-0.9042112827301025,-0.14848004281520844,0.4004443287849426,0.4090960621833801,-0.03185638040304184,0.9119350910186768
300,1648476755.5422359,239.1534423828125,59.01504898071289,1528.8328857421875,0.8617210388183594,0.5000566840171814,-0.08590772747993469,-0.5070787072181702,0.8429144024848938,-0.17990677058696747,-0.017550727352499962,0.1985914260149002,0.9799252152442932
4,1648476755.5422435,-8.878864288330078,57.92463684082031,1563.8433837890625,-0.11642096936702728,-0.9879431128501892,0.1020517349243164,-0.9085542559623718,0.06442778557538986,-0.4127689301967621,0.4012172520160675,-0.14077450335025787,-0.9051007032394409
410,1648476755.5422494,-32.00912857055664,-51.411293029785156,1585.0965576171875,-0.12189652770757675,0.9875407218933105,0.0995216816663742,-0.9030337929725647,-0.15195724368095398,0.4017946720123291,0.41191163659095764,-0.04089406505227089,0.9103056788444519
300,1648476755.5743034,239.1488494873047,59.01534652709961,1528.81640625,0.861721932888031,0.5000064373016357,-0.08619074523448944,-0.5070950984954834,0.8430190086364746,-0.17936983704566956,-0.01702563837170601,0.19827382266521454,0.979998767375946
4,1648476755.5743124,-9.044278144836426,57.96434783935547,1564.005126953125,-0.11806830763816833,-0.9879260063171387,0.10031001269817352,-0.908092737197876,0.06654752790927887,-0.41344767808914185,0.4017803370952606,-0.13990585505962372,-0.9049856066703796
410,1648476755.5743175,-32.60104751586914,-51.26616287231445,1585.65576171875,-0.12393461912870407,0.9865450859069824,0.10662543773651123,-0.9012539386749268,-0.15687289834022522,0.4038962423801422,0.4151885211467743,-0.046039871871471405,0.9085696339607239
300,1648476755.6043699,239.1470489501953,59.01594924926758,1528.814453125,0.861706018447876,0.5000022649765015,-0.08637387305498123,-0.5071192383766174,0.8429060578346252,-0.17983181774616241,-0.017111249268054962,0.19876401126384735,0.9798979759216309
4,1648476755.6043797,-9.225102424621582,57.985626220703125,1564.19287109375,-0.11856166273355484,-0.9882452487945557,0.09651127457618713,-0.9071038365364075,0.06826575845479965,-0.41533413529396057,0.4038635790348053,-0.13678844273090363,-0.9045347571372986
410,1648476755.6043856,-33.0439567565918,-51.18671417236328,1586.027587890625,-0.12316387891769409,0.9862843751907349,0.10988054424524307,-0.900341808795929,-0.15762285888195038,0.4056348502635956,0.41739100217819214,-0.04897049069404602,0.9074065685272217
300,1648476755.634091,239.1466522216797,59.02077102661133,1528.8203125,0.861678421497345,0.5000976324081421,-0.08609679341316223,-0.507159948348999,0.8429102897644043,-0.17969712615013123,-0.017294231802225113,0.19850598275661469,0.9799470901489258
4,1648476755.6340988,-9.32024097442627,57.999290466308594,1564.3016357421875,-0.11959255486726761,-0.9882792830467224,0.09487736970186234,-0.9064937233924866,0.0697178840637207,-0.4164234697818756,0.4049280285835266,-0.1358068883419037,-0.9042066931724548
410,1648476755.634104,-33.3559684753418,-51.06947326660156,1586.33544921875,-0.12370144575834274,0.9857445359230042,0.11404217034578323,-0.9000014066696167,-0.15985624492168427,0.40551629662513733,0.417965829372406,-0.05247516557574272,0.9069459438323975
300,1648476755.6647115,239.14382934570312,59.016258239746094,1528.8221435546875,0.8616909980773926,0.500069260597229,-0.08613547682762146,-0.5071476697921753,0.8430125713348389,-0.17925141751766205,-0.01702483929693699,0.19814273715019226,0.9800252914428711
4,1648476755.6647198,-9.336487770080566,58.0048713684082,1564.2734375,-0.11899237334728241,-0.988250195980072,0.09592924267053604,-0.906531572341919,0.068722665309906,-0.4165065586566925,0.405020147562027,-0.1365239918231964,-0.9040574431419373
410,1648476755.664725,-33.36717987060547,-51.143524169921875,1586.41162109375,-0.12519928812980652,0.9856067299842834,0.11359783262014389,-0.8992986083030701,-0.1610971987247467,0.40658289194107056,0.41903114318847656,-0.05125448480248451,0.9065240621566772
300,1648476755.6945155,239.14682006835938,59.01966857910156,1528.8291015625,0.8616793155670166,0.4999842345714569,-0.08674424141645432,-0.5071667432785034,0.8427736759185791,-0.1803177297115326,-0.01705026440322399,0.19936984777450562,0.9797759652137756
4,1648476755.6945257,-9.318211555480957,58.030548095703125,1564.24755859375,-0.1182306706905365,-0.9882194995880127,0.09717912971973419,-0.9073445796966553,0.06775534898042679,-0.4148915708065033,0.40341952443122864,-0.137227863073349,-0.9046663641929626
410,1648476755.6945314,-33.362369537353516,-51.126953125,1586.36328125,-0.12344292551279068,0.9858903288841248,0.11305809766054153,-0.8992903232574463,-0.15930801630020142,0.40730568766593933,0.41956979036331177,-0.0513930469751358,0.9062670469284058
300,1648476755.7260349,239.14662170410156,59.01691436767578,1528.823974609375,0.8616805672645569,0.5000040531158447,-0.08661705255508423,-0.5071748495101929,0.8429418206214905,-0.17950691282749176,-0.01674104854464531,0.19860760867595673,0.9799361228942871
4,1648476755.7260432,-9.347336769104004,57.99974822998047,1564.277587890625,-0.11905010789632797,-0.9882776737213135,0.0955735370516777,-0.9065368175506592,0.06892865151166916,-0.4164610803127289,0.40499141812324524,-0.13622066378593445,-0.9041160941123962
410,1648476755.7260487,-33.390357971191406,-51.04390335083008,1586.367431640625,-0.12231840938329697,0.985948920249939,0.11376723647117615,-0.8997858762741089,-0.15853570401668549,0.4065118134021759,0.4188360571861267,-0.05264226719737053,0.9065346717834473
300,1648476755.7560272,239.1466827392578,59.01852035522461,1528.8189697265625,0.8616842031478882,0.5000388622283936,-0.08638010174036026,-0.5071544647216797,0.8428632020950317,-0.1799333393573761,-0.01716705597937107,0.1988537758588791,0.9798787832260132
4,1648476755.756036,-9.317767143249512,57.98860549926758,1564.2354736328125,-0.11857841163873672,-0.9883325695991516,0.09559249877929688,-0.9064599871635437,0.0684511661529541,-0.4167070686817169,0.4053017199039459,-0.13606323301792145,-0.9040006995201111
410,1648476755.756042,-33.39317321777344,-51.13718795776367,1586.201416015625,-0.12205188721418381,0.9860357642173767,0.11329951882362366,-0.8998599052429199,-0.15809571743011475,0.40651923418045044,0.4187546670436859,-0.05233725905418396,0.906589925289154
300,1648476755.786628,239.15199279785156,59.0212516784668,1528.8192138671875,0.8616811037063599,0.500079870223999,-0.08617309480905533,-0.5071569085121155,0.8429027795791626,-0.17974087595939636,-0.017249248921871185,0.19858260452747345,0.9799323678016663
4,1648476755.7866368,-9.25839900970459,57.99708938598633,1564.18017578125,-0.11796392500400543,-0.9882155656814575,0.09754209965467453,-0.9071987271308899,0.0673021674156189,-0.41528403759002686,0.4038253724575043,-0.13747860491275787,-0.9044471979141235
410,1648476755.7866423,-33.53841018676758,-51.038856506347656,1586.0809326171875,-0.12364255636930466,0.9855815768241882,0.1155054047703743,-0.9007875919342041,-0.1603037714958191,0.4035894274711609,0.41628625988960266,-0.054145004600286484,0.9076200127601624
300,1648476755.8162987,239.15069580078125,59.01689529418945,1528.824951171875,0.8617337346076965,0.49996763467788696,-0.0862981304526329,-0.5070728659629822,0.8429649472236633,-0.1796863079071045,-0.017091035842895508,0.19860118627548218,0.9799313545227051
4,1648476755.8163073,-9.292261123657227,57.96863555908203,1564.187744140625,-0.12001682072877884,-0.9879949688911438,0.09727207571268082,-0.9062966704368591,0.06904063373804092,-0.41696491837501526,0.40524354577064514,-0.13820016384124756,-0.9037026166915894
410,1648476755.816313,-33.841033935546875,-50.93667221069336,1585.9217529296875,-0.12544295191764832,0.9847134947776794,0.12084437161684036,-0.9008362889289856,-0.16408614814281464,0.40195730328559875,0.4156416654586792,-0.05843828618526459,0.9076491594314575
300,1648476755.8498628,239.14901733398438,59.01742172241211,1528.807861328125,0.861706554889679,0.4999924898147583,-0.08642520755529404,-0.5071266889572144,0.8429852724075317,-0.17943918704986572,-0.01686306856572628,0.1984524428844452,0.9799654483795166
4,1648476755.8498712,-9.216479301452637,58.0136604309082,1564.1005859375,-0.11878925561904907,-0.9879491329193115,0.09922488778829575,-0.9079421162605286,0.06762903928756714,-0.4136030077934265,0.401908278465271,-0.13922204077243805,-0.9050342440605164
410,1648476755.8498764,-34.05986022949219,-50.918556213378906,1585.9261474609375,-0.12564067542552948,0.9844059348106384,0.12312337756156921,-0.9011834859848022,-0.16514161229133606,0.40074506402015686,0.4148286283016205,-0.06060687080025673,0.9078788757324219
300,1648476755.8786693,239.15518188476562,59.02082061767578,1528.8050537109375,0.8617292046546936,0.4999663829803467,-0.08635041117668152,-0.5070863962173462,0.8430106043815613,-0.17943401634693146,-0.0169166661798954,0.19841064512729645,0.9799729585647583
4,1648476755.8786771,-9.383862495422363,58.007568359375,1564.21533203125,-0.12078659236431122,-0.9880630373954773,0.09561397135257721,-0.9065887331962585,0.07056357711553574,-0.41607415676116943,0.4043606221675873,-0.13693873584270477,-0.9042899012565613
410,1648476755.878683,-34.311885833740234,-50.84346389770508,1586.056640625,-0.12591663002967834,0.984097957611084,0.1252843290567398,-0.9006613492965698,-0.16634516417980194,0.4014204442501068,0.41587749123573303,-0.06229323893785477,0.907284677028656
300,1648476755.9086864,239.15576171875,59.01908493041992,1528.80029296875,0.8617623448371887,0.4998464584350586,-0.08671329915523529,-0.5070394277572632,0.8430191278457642,-0.1795264333486557,-0.016634676605463028,0.19867616891860962,0.9799240231513977
4,1648476755.908694,-9.341179847717285,58.01091766357422,1564.197021484375,-0.11931965500116348,-0.9880765676498413,0.09730102866888046,-0.9068996906280518,0.068577840924263,-0.415728360414505,0.4040987491607666,-0.13784682750701904,-0.9042690396308899
410,1648476755.908699,-34.61546325683594,-50.79975509643555,1586.1995849609375,-0.12512359023094177,0.9838900566101074,0.1276887208223343,-0.9002252817153931,-0.1666882485151291,0.40225541591644287,0.4170593321323395,-0.06461697816848755,0.9065793752670288
300,1648476755.938451,239.15151977539062,59.01667404174805,1528.8094482421875,0.8617309927940369,0.499919056892395,-0.08660618960857391,-0.5070849657058716,0.8429396748542786,-0.17977085709571838,-0.016867084428668022,0.19883081316947937,0.9798886775970459
4,1648476755.9384594,-9.423901557922363,58.00471496582031,1564.3087158203125,-0.12072689831256866,-0.9879879951477051,0.0964612141251564,-0.9060800671577454,0.0699775293469429,-0.4172793924808502,0.4055168926715851,-0.13777843117713928,-0.9036443829536438
410,1648476755.9384649,-34.94839096069336,-50.65291976928711,1586.3212890625,-0.12834253907203674,0.9827534556388855,0.13313110172748566,-0.8999747037887573,-0.17180828750133514,0.40065881609916687,0.4166218638420105,-0.0683930441737175,0.9065034985542297
300,1648476755.968801,239.14599609375,59.0172004699707,1528.8045654296875,0.8616998195648193,0.4999585747718811,-0.08668824285268784,-0.50714111328125,0.842920184135437,-0.17970378696918488,-0.016773175448179245,0.19881388545036316,0.9798937439918518
4,1648476755.9688098,-9.42681884765625,58.01832962036133,1564.2974853515625,-0.12058334797620773,-0.9879576563835144,0.09695031493902206,-0.9063083529472351,0.06971366703510284,-0.4168274700641632,0.4050491154193878,-0.1381293386220932,-0.9038006067276001
410,1648476755.9688146,-35.33405303955078,-50.63832092285156,1586.3724365234375,-0.12850740551948547,0.9823377132415771,0.13600902259349823,-0.8995229005813599,-0.1732039749622345,0.40107226371765137,0.41754573583602905,-0.0708024725317955,0.9058932662010193
300,1648476755.9989753,239.15167236328125,59.01742172241211,1528.810791015625,0.8617185950279236,0.5000562071800232,-0.08593542128801346,-0.507100522518158,0.8431044220924377,-0.1789524406194687,-0.017033740878105164,0.19778454303741455,0.9800975322723389
4,1648476755.9989836,-9.550219535827637,58.03681182861328,1564.3541259765625,-0.12230756878852844,-0.9879151582717896,0.09520778059959412,-0.9058452844619751,0.07191542536020279,-0.41745954751968384,0.4055677056312561,-0.1373019814491272,-0.9036940932273865
410,1648476755.998989,-35.604305267333984,-50.48473358154297,1586.49462890625,-0.12942849099636078,0.9816703796386719,0.13989810645580292,-0.8999074101448059,-0.17553722858428955,0.39919087290763855,0.416431188583374,-0.0742286667227745,0.9061319828033447
300,1648476756.0302677,239.1555938720703,59.02016830444336,1528.810791015625,0.8617047071456909,0.5000160932540894,-0.0863068550825119,-0.5071247220039368,0.8429673910140991,-0.1795283704996109,-0.017013205215334892,0.19846878945827484,0.9799595475196838
4,1648476756.0302784,-9.572478294372559,58.066097259521484,1564.3822021484375,-0.1217346116900444,-0.9880478382110596,0.09456326067447662,-0.9062036871910095,0.07176905125379562,-0.41670623421669006,0.4049389660358429,-0.13642114400863647,-0.9041093587875366
410,1648476756.0302837,-35.6060676574707,-50.50291442871094,1586.4844970703125,-0.12898290157318115,0.9817821383476257,0.13952510058879852,-0.8996219038963318,-0.17504188418388367,0.40005093812942505,0.41718560457229614,-0.0739201009273529,0.9058101177215576
300,1648476756.0617628,239.1560821533203,59.01848220825195,1528.8236083984375,0.8617091774940491,0.49996525049209595,-0.08655644208192825,-0.5071213245391846,0.8429304957389832,-0.1797112375497818,-0.016888311132788658,0.1987534463405609,0.9799039959907532
4,1648476756.061771,-9.47077465057373,58.04046630859375,1564.35546875,-0.1213686391711235,-0.9879974722862244,0.09555460512638092,-0.9058274626731873,0.07087897509336472,-0.4176754057407379,0.4058894217014313,-0.1372486799955368,-0.9035577178001404
410,1648476756.061776,-35.64365768432617,-50.35664749145508,1586.3477783203125,-0.1291324496269226,0.9812379479408264,0.14316751062870026,-0.9008501768112183,-0.17642848193645477,0.39666348695755005,0.4144800901412964,-0.07775035500526428,0.9067310094833374
300,1648476756.0901995,239.1595916748047,59.02275085449219,1528.8192138671875,0.8617346882820129,0.4999825954437256,-0.08620183914899826,-0.5070739388465881,0.8430317044258118,-0.1793700009584427,-0.017010997980833054,0.19828005135059357,0.9799977540969849
4,1648476756.0902088,-9.454367637634277,58.04887390136719,1564.297607421875,-0.12098806351423264,-0.9881755709648132,0.09418555349111557,-0.9061527252197266,0.07120846956968307,-0.41691315174102783,0.4052765667438507,-0.13578800857067108,-0.9040533900260925
410,1648476756.0902145,-35.79254913330078,-50.45167541503906,1586.0721435546875,-0.12881748378276825,0.9808138012886047,0.14632292091846466,-0.9005783200263977,-0.1774781346321106,0.3968124985694885,0.41516828536987305,-0.08065886795520782,0.9061619639396667
300,1648476756.1225362,239.16384887695312,59.02564239501953,1528.8145751953125,0.8616960644721985,0.5000923871994019,-0.08595050871372223,-0.5071307420730591,0.8429870009422302,-0.17941926419734955,-0.017271043732762337,0.1981930136680603,0.9800108075141907
4,1648476756.1225445,-9.238142967224121,58.04499053955078,1564.1561279296875,-0.11932382732629776,-0.9878153204917908,0.09991350024938583,-0.9073911309242249,0.06765294075012207,-0.4148065149784088,0.40299278497695923,-0.14015692472457886,-0.9044074416160583
410,1648476756.1225502,-36.019840240478516,-50.3594856262207,1585.791015625,-0.12947218120098114,0.9800477027893066,0.150809183716774,-0.9018670320510864,-0.17960460484027863,0.3929097652435303,0.412156343460083,-0.08513893932104111,0.9071265459060669
300,1648476756.1526906,239.16676330566406,59.02426528930664,1528.8187255859375,0.8617031574249268,0.5000690817832947,-0.08601502329111099,-0.507120668888092,0.84299236536026,-0.17942263185977936,-0.01721370220184326,0.19822904467582703,0.9800045490264893
4,1648476756.1526995,-9.40198040008545,58.042083740234375,1564.21337890625,-0.12104511260986328,-0.9880328178405762,0.09559958428144455,-0.9062697291374207,0.07070507109165192,-0.4167444407939911,0.4049977958202362,-0.13708388805389404,-0.9039827585220337
410,1648476756.1527045,-36.26994323730469,-50.27088165283203,1585.7379150390625,-0.12937520444393158,0.9794707298278809,0.15459340810775757,-0.9023675322532654,-0.18092745542526245,0.39114972949028015,0.4110899269580841,-0.08889498561620712,0.9072501063346863
300,1648476756.1826022,239.16189575195312,59.024269104003906,1528.8055419921875,0.8617218136787415,0.49991756677627563,-0.0867060050368309,-0.5071015357971191,0.8429073095321655,-0.17987586557865143,-0.01683798059821129,0.1989717036485672,0.9798605442047119
4,1648476756.182611,-9.344718933105469,58.05623245239258,1564.203857421875,-0.11992637813091278,-0.988050639629364,0.0968172624707222,-0.9067507386207581,0.06930194050073624,-0.41593310236930847,0.40425336360931396,-0.13767047226428986,-0.9042267799377441
410,1648476756.1826189,-36.5988655090332,-50.18413543701172,1585.7864990234375,-0.12956401705741882,0.9789247512817383,0.15785901248455048,-0.9019764065742493,-0.18248432874679565,0.3913285732269287,0.4118880331516266,-0.09168299287557602,0.9066104292869568
300,1648476756.212461,239.16293334960938,59.022850036621094,1528.795166015625,0.8617342710494995,0.4999108612537384,-0.08662112057209015,-0.5070792436599731,0.8429346084594727,-0.1798105537891388,-0.016873303800821304,0.19887268543243408,0.9798800945281982
4,1648476756.2124693,-9.355091094970703,58.035728454589844,1564.2860107421875,-0.12114357948303223,-0.9878643751144409,0.09720198065042496,-0.9057393670082092,0.0699404627084732,-0.41802456974983215,0.40615323185920715,-0.13868065178394318,-0.9032204747200012
410,1648476756.2124746,-36.98447799682617,-50.06871795654297,1585.9390869140625,-0.1306803971529007,0.9778490662574768,0.16350491344928741,-0.9017263054847717,-0.18577790260314941,0.3903540372848511,0.4120829105377197,-0.09642506390810013,0.9060297608375549
300,1648476756.2422945,239.16909790039062,59.02498245239258,1528.8077392578125,0.8617352843284607,0.49993467330932617,-0.08647336065769196,-0.5070701837539673,0.8429027795791626,-0.1799851804971695,-0.01709219440817833,0.19894763827323914,0.9798610806465149
4,1648476756.2423024,-9.303894996643066,58.067955017089844,1564.281005859375,-0.12134447693824768,-0.9877270460128784,0.09834018349647522,-0.9065046906471252,0.06991174072027206,-0.4163671135902405,0.4043819010257721,-0.13966968655586243,-0.9038626551628113
410,1648476756.242308,-37.50828552246094,-50.00802993774414,1586.091552734375,-0.13070271909236908,0.9765422344207764,0.17112001776695251,-0.9005590677261353,-0.1891251504421234,0.3914397358894348,0.4146205186843872,-0.10294145345687866,0.9041531085968018
300,1648476756.2747388,239.17051696777344,59.02172088623047,1528.8052978515625,0.8617350459098816,0.4999401569366455,-0.08644373714923859,-0.507078230381012,0.8430033922195435,-0.17949090898036957,-0.016862351447343826,0.19850735366344452,0.9799543023109436
4,1648476756.2747476,-9.378657341003418,58.09405517578125,1564.446533203125,-0.1215580552816391,-0.9878812432289124,0.09651079028844833,-0.9055384397506714,0.07055461406707764,-0.4183564782142639,0.4064772427082062,-0.13824883103370667,-0.9031409025192261
410,1648476756.274753,-38.04533767700195,-49.6976432800293,1586.5333251953125,-0.1324996054172516,0.9749140739440918,0.17884746193885803,-0.9007657170295715,-0.19372953474521637,0.38870298862457275,0.41360005736351013,-0.10959666967391968,0.9038382172584534
300,1648476756.3043249,239.16366577148438,59.022701263427734,1528.7979736328125,0.8617181181907654,0.5000081658363342,-0.08621931076049805,-0.5070978403091431,0.8429614901542664,-0.17963212728500366,-0.01713797263801098,0.19851388037204742,0.9799482226371765
4,1648476756.3043325,-9.432923316955566,58.09617614746094,1564.4605712890625,-0.12078575044870377,-0.9882031679153442,0.09415603429079056,-0.9050177335739136,0.07065151631832123,-0.41946542263031006,0.4078647792339325,-0.135878324508667,-0.9028750658035278
410,1648476756.3043382,-38.610626220703125,-49.607852935791016,1586.94677734375,-0.13239972293376923,0.9735812544822693,0.1860373467206955,-0.8995729088783264,-0.1968396157026291,0.38990098237991333,0.4162197709083557,-0.1157313659787178,0.9018688201904297
300,1648476756.3344567,239.16429138183594,59.02546691894531,1528.785888671875,0.8617092370986938,0.4999353587627411,-0.08672863245010376,-0.5071243643760681,0.842904806137085,-0.17982318997383118,-0.016795985400676727,0.19893750548362732,0.9798682332038879
4,1648476756.3344655,-9.518153190612793,58.111854553222656,1564.6085205078125,-0.12253472954034805,-0.9880020618438721,0.09400609135627747,-0.9041711091995239,0.07207626104354858,-0.42104580998420715,0.40921851992607117,-0.13659033179283142,-0.902154803276062
410,1648476756.3344712,-39.14120101928711,-49.42026138305664,1587.3016357421875,-0.13381333649158478,0.9719628095626831,0.1933450549840927,-0.8985650539398193,-0.20127978920936584,0.38995811343193054,0.41794124245643616,-0.1215515062212944,0.9003056883811951
300,1648476756.365292,239.16651916503906,59.02634048461914,1528.8040771484375,0.8617314696311951,0.500007152557373,-0.0860917791724205,-0.5070677399635315,0.8429335355758667,-0.17984801530838013,-0.01735563948750496,0.1986350566148758,0.9799198508262634
4,1648476756.3653007,-9.591277122497559,58.1582145690918,1564.6024169921875,-0.12215019017457962,-0.9882181286811829,0.09221837669610977,-0.9045570492744446,0.07260396331548691,-0.42012521624565125,0.4084799289703369,-0.13473515212535858,-0.9027683138847351
410,1648476756.36531,-39.82208251953125,-49.27328872680664,1587.6539306640625,-0.13374805450439453,0.9702195525169373,0.2019542008638382,-0.8978961110115051,-0.204879492521286,0.38962411880493164,0.4193972051143646,-0.12922243773937225,0.8985586166381836
300,1648476756.3942041,239.1717987060547,59.02935028076172,1528.797119140625,0.8617023229598999,0.5000140070915222,-0.08634280413389206,-0.5071186423301697,0.8428346514701843,-0.18016792833805084,-0.01731378212571144,0.19903716444969177,0.9798389673233032
4,1648476756.3942137,-9.670918464660645,58.18614959716797,1564.7069091796875,-0.12258722633123398,-0.9882494807243347,0.09129805862903595,-0.9041998982429504,0.07328862696886063,-0.4207746386528015,0.4091392159461975,-0.13413329422473907,-0.9025593400001526
410,1648476756.3942199,-40.420372009277344,-49.007904052734375,1587.9356689453125,-0.13503064215183258,0.9682249426841736,0.21049271523952484,-0.8976097702980042,-0.2094958871603012,0.3878249228000641,0.41959911584854126,-0.13657206296920776,0.897376537322998
300,1648476756.4263597,239.16567993164062,59.02598190307617,1528.7958984375,0.8616859316825867,0.49999138712882996,-0.0866367518901825,-0.5071641206741333,0.8429206013679504,-0.1796369105577469,-0.01678900606930256,0.19872964918613434,0.9799105525016785
4,1648476756.4263675,-9.869237899780273,58.2076530456543,1564.748291015625,-0.12392552196979523,-0.9884427785873413,0.08731149882078171,-0.9032032489776611,0.07592310756444931,-0.42244476079940796,0.4109335243701935,-0.13121171295642853,-0.9021735787391663
410,1648476756.426373,-41.19268798828125,-48.90141677856445,1588.1993408203125,-0.1357438862323761,0.9662020206451416,0.21915112435817719,-0.8967319130897522,-0.21386843919754028,0.38746893405914307,0.42124277353286743,-0.14392326772212982,0.895455539226532
300,1648476756.4562948,239.16554260253906,59.0280647277832,1528.8096923828125,0.8617169260978699,0.5000717043876648,-0.08586149662733078,-0.5070902109146118,0.8429790139198303,-0.1795714944601059,-0.017419183626770973,0.19827932119369507,0.9799907803535461
4,1648476756.4563026,-10.061909675598145,58.25420379638672,1564.855712890625,-0.12590128183364868,-0.9884390830993652,0.0844813659787178,-0.9024633765220642,0.07875334471464157,-0.42350655794143677,0.4119572341442108,-0.12956134974956512,-0.901945173740387
410,1648476756.4563076,-41.79072570800781,-48.633724212646484,1588.4970703125,-0.13727590441703796,0.9641416072845459,0.2271261215209961,-0.896309494972229,-0.2185140699148178,0.3858508765697479,0.4216451346874237,-0.15060727298259735,0.8941659927368164
300,1648476756.4869368,239.1687774658203,59.02942657470703,1528.80224609375,0.8617079257965088,0.49997028708457947,-0.08654002845287323,-0.5071154832839966,0.8428418040275574,-0.18014323711395264,-0.017126716673374176,0.19911664724349976,0.9798261523246765
4,1648476756.4869483,-10.23813247680664,58.312923431396484,1564.8472900390625,-0.12670525908470154,-0.9885791540145874,0.0815906673669815,-0.9029748439788818,0.08090372383594513,-0.4220082759857178,0.4105875790119171,-0.12714499235153198,-0.9029130339622498
410,1648476756.4869542,-42.25772476196289,-48.56596374511719,1588.7529296875,-0.13716483116149902,0.9629921317100525,0.23201720416545868,-0.8951730728149414,-0.2207920253276825,0.3871898949146271,0.42408838868141174,-0.15458673238754272,0.8923295140266418
300,1648476756.515996,239.172119140625,59.029823303222656,1528.8070068359375,0.8617239594459534,0.4999247193336487,-0.08664324134588242,-0.5070953965187073,0.8429023027420044,-0.17991669476032257,-0.016913019120693207,0.19897492229938507,0.9798586368560791
4,1648476756.5160043,-10.3142671585083,58.343994140625,1564.8782958984375,-0.12695574760437012,-0.9886747002601624,0.08002881705760956,-0.902184784412384,0.08156362175941467,-0.42356812953948975,0.41224366426467896,-0.12597519159317017,-0.9023222327232361
410,1648476756.5160103,-42.660560607910156,-48.33256912231445,1588.9576416015625,-0.13873004913330078,0.9616886973381042,0.2364504486322403,-0.8949348330497742,-0.223983034491539,0.38590574264526367,0.42408210039138794,-0.15807102620601654,0.8917219042778015
300,1648476756.548894,239.16738891601562,59.02690124511719,1528.8084716796875,0.8617160320281982,0.49995654821395874,-0.08653842657804489,-0.5071121454238892,0.8429718017578125,-0.17954346537590027,-0.01681448146700859,0.198600172996521,0.9799363613128662
4,1648476756.5489018,-10.527030944824219,58.38685607910156,1564.9268798828125,-0.12799732387065887,-0.9889093041419983,0.07533269375562668,-0.9012036919593811,0.08426028490066528,-0.42512595653533936,0.4140634834766388,-0.12230508774518967,-0.9019938707351685
410,1648476756.5489066,-43.125457763671875,-48.24250030517578,1589.0533447265625,-0.13950347900390625,0.960856020450592,0.2393626570701599,-0.8942354917526245,-0.2260666936635971,0.3863116502761841,0.42530179023742676,-0.16015475988388062,0.8907686471939087
300,1648476756.5785954,239.1689910888672,59.027530670166016,1528.788818359375,0.8617190718650818,0.49990326166152954,-0.08681550621986389,-0.507118284702301,0.8430095911026001,-0.1793484389781952,-0.016470564529299736,0.19857369363307953,0.979947566986084
4,1648476756.5786107,-10.713353157043457,58.45246124267578,1564.97412109375,-0.1300736367702484,-0.988783597946167,0.07340234518051147,-0.9006399512290955,0.08686952292919159,-0.42579492926597595,0.4146426022052765,-0.12149377912282944,-0.9018374085426331
410,1648476756.5786164,-43.40907669067383,-48.00760269165039,1589.120849609375,-0.1412990838289261,0.9602047204971313,0.24091807007789612,-0.8946322798728943,-0.2280517965555191,0.38422057032585144,0.4238722026348114,-0.16124306619167328,0.891253650188446
300,1648476756.6079857,239.1705322265625,59.02778244018555,1528.7757568359375,0.8617069721221924,0.4998595118522644,-0.08718717098236084,-0.5071454048156738,0.8429449796676636,-0.17957542836666107,-0.016268502920866013,0.19895797967910767,0.97987300157547
4,1648476756.6079931,-10.825258255004883,58.53608703613281,1564.9847412109375,-0.13207921385765076,-0.9885489344596863,0.07298005372285843,-0.9005391597747803,0.08890102058649063,-0.42558884620666504,0.4142273962497711,-0.12193284183740616,-0.9019689559936523
410,1648476756.6079984,-43.50788497924805,-48.023685455322266,1589.05029296875,-0.14112147688865662,0.9601155519485474,0.24137699604034424,-0.8941001296043396,-0.22828857600688934,0.3853171169757843,0.42505255341529846,-0.1614386886358261,0.8906558752059937
300,1648476756.6379106,239.1715545654297,59.02916717529297,1528.7835693359375,0.8617437481880188,0.4998611807823181,-0.08681287616491318,-0.5070769786834717,0.8430399298667908,-0.17932257056236267,-0.016449671238660812,0.19855092465877533,0.9799525141716003
4,1648476756.6379182,-10.70453929901123,58.651588439941406,1564.910400390625,-0.1322469413280487,-0.988378643989563,0.07495599240064621,-0.9003314971923828,0.08814533799886703,-0.4261849820613861,0.4146251082420349,-0.12384690344333649,-0.9015253782272339
410,1648476756.6379232,-43.55973815917969,-47.876983642578125,1588.8978271484375,-0.141917422413826,0.9596930742263794,0.24258729815483093,-0.8949329257011414,-0.22912375628948212,0.3828803598880768,0.42303016781806946,-0.16276195645332336,0.8913775682449341
300,1648476756.6678665,239.1757354736328,59.031700134277344,1528.7708740234375,0.8617125153541565,0.49992138147354126,-0.08677636831998825,-0.5071179866790771,0.8428812623023987,-0.17995141446590424,-0.01681937836110592,0.1990722417831421,0.9798404574394226
4,1648476756.667875,-10.660746574401855,58.78999328613281,1564.8916015625,-0.1342415064573288,-0.988152027130127,0.07439625263214111,-0.8993771076202393,0.0899718627333641,-0.4278152585029602,0.4160529375076294,-0.12434085458517075,-0.9007992744445801
410,1648476756.6678798,-43.660194396972656,-47.80839920043945,1588.6962890625,-0.14149928092956543,0.9595546722412109,0.2433778941631317,-0.8949906229972839,-0.2290654331445694,0.3827803432941437,0.42304810881614685,-0.1636577993631363,0.8912050127983093
300,1648476756.6983428,239.1761932373047,59.03252029418945,1528.792236328125,0.861743688583374,0.4999701976776123,-0.0861833244562149,-0.5070530772209167,0.8429824113845825,-0.179660364985466,-0.017173802480101585,0.1985207051038742,0.9799461960792542
4,1648476756.6983528,-10.561463356018066,58.99358367919922,1564.7999267578125,-0.1345302164554596,-0.9880841970443726,0.07477438449859619,-0.8999922871589661,0.09026359021663666,-0.4264579713344574,0.41462698578834534,-0.12466785311698914,-0.9014113545417786
410,1648476756.698358,-43.62567901611328,-47.62262725830078,1588.5439453125,-0.1426224559545517,0.9595773220062256,0.24263188242912292,-0.8959011435508728,-0.22936035692691803,0.3804667890071869,0.42073744535446167,-0.16311107575893402,0.8923983573913574
300,1648476756.7302268,239.1802520751953,59.03281784057617,1528.7691650390625,0.8617045283317566,0.49997302889823914,-0.08655762672424316,-0.5071311593055725,0.8429489135742188,-0.1795971393585205,-0.016830066218972206,0.19865573942661285,0.9799247980117798
4,1648476756.7302353,-10.601594924926758,59.009315490722656,1564.770751953125,-0.13506020605564117,-0.9880818128585815,0.07384476810693741,-0.8993735909461975,0.09097710251808167,-0.42760998010635376,0.4157954454421997,-0.12416712194681168,-0.9009420871734619
410,1648476756.730241,-43.585906982421875,-47.63349151611328,1588.42822265625,-0.14189444482326508,0.9596983790397644,0.24257978796958923,-0.8955733180046082,-0.22885438799858093,0.38154172897338867,0.42168042063713074,-0.16310933232307434,0.8919534683227539
300,1648476756.7616677,239.17884826660156,59.033546447753906,1528.7666015625,0.8617297410964966,0.49982234835624695,-0.08717472851276398,-0.507101833820343,0.8429105281829834,-0.1798597127199173,-0.016417404636740685,0.1991969347000122,0.9798219203948975
4,1648476756.7616763,-10.66711711883545,59.05147933959961,1564.7550048828125,-0.1352398693561554,-0.98813796043396,0.07275644689798355,-0.8997012972831726,0.09171367436647415,-0.42676249146461487,0.4150274693965912,-0.12317437678575516,-0.9014323353767395
410,1648476756.7616813,-43.54496383666992,-47.51815414428711,1588.414306640625,-0.14248120784759521,0.9597415924072266,0.24206452071666718,-0.8959560990333557,-0.22899530827999115,0.38055720925331116,0.42066818475723267,-0.16265694797039032,0.8925138711929321
300,1648476756.7900953,239.1822052001953,59.02935791015625,1528.79296875,0.8617427945137024,0.49996110796928406,-0.08624554425477982,-0.5070512294769287,0.8429195880889893,-0.17996010184288025,-0.017274994403123856,0.19881023466587067,0.9798857569694519
4,1648476756.790104,-10.725935935974121,59.095157623291016,1564.7105712890625,-0.1363568753004074,-0.9881158471107483,0.07094982266426086,-0.8994623422622681,0.09347131103277206,-0.4268847405910492,0.4151797890663147,-0.12202536314725876,-0.9015184640884399
410,1648476756.7901108,-43.527679443359375,-47.5927619934082,1588.25732421875,-0.14228273928165436,0.9603075981140137,0.23992693424224854,-0.895434558391571,-0.22817902266979218,0.3822712004184723,0.4218442440032959,-0.16044826805591583,0.8923585414886475
300,1648476756.8224137,239.18927001953125,59.03774642944336,1528.7767333984375,0.8617235422134399,0.49987977743148804,-0.08690622448921204,-0.5071033239364624,0.8428928852081299,-0.17993846535682678,-0.016694962978363037,0.19912764430046082,0.979831337928772
4,1648476756.822422,-10.7335786819458,59.107173919677734,1564.6041259765625,-0.13689593970775604,-0.9880236983299255,0.07119479030370712,-0.899314284324646,0.09382756799459457,-0.4271185100078583,0.4153231680393219,-0.12249727547168732,-0.90138840675354
410,1648476756.8224277,-43.626182556152344,-47.453861236572266,1588.09326171875,-0.1438918262720108,0.9599618911743164,0.24035044014453888,-0.896633505821228,-0.2292434722185135,0.3788084387779236,0.4187404215335846,-0.16099882125854492,0.8937202095985413
300,1648476756.8525233,239.185302734375,59.034400939941406,1528.8194580078125,0.8617305159568787,0.4999229907989502,-0.08658827841281891,-0.5070822238922119,0.8429031372070312,-0.1799498200416565,-0.01697552017867565,0.19897562265396118,0.9798573851585388
4,1648476756.852531,-10.867035865783691,59.14016342163086,1564.616943359375,-0.1378854662179947,-0.9880008101463318,0.0695844292640686,-0.8996006846427917,0.09553581476211548,-0.42613551020622253,0.4143744111061096,-0.12135609239339828,-0.9019792079925537
410,1648476756.8525357,-43.8046989440918,-47.436668395996094,1587.932861328125,-0.1439221203327179,0.9598722457885742,0.2406899780035019,-0.8965070247650146,-0.22945165634155273,0.37898167967796326,0.4190007150173187,-0.16123640537261963,0.8935554027557373
300,1648476756.8825383,239.1843719482422,59.03657531738281,1528.7943115234375,0.8617351651191711,0.499971866607666,-0.08625903725624084,-0.5070707201957703,0.842984139919281,-0.17960235476493835,-0.0170811265707016,0.1985090970993042,0.9799501895904541
4,1648476756.8825467,-10.912664413452148,59.14543151855469,1564.4388427734375,-0.1381579041481018,-0.9879394769668579,0.06991370767354965,-0.9001680016517639,0.09581650048494339,-0.4248726963996887,0.4130496084690094,-0.1216336041688919,-0.9025493264198303
410,1648476756.8825524,-43.909236907958984,-47.42136764526367,1587.7562255859375,-0.14466264843940735,0.9598445296287537,0.24035631120204926,-0.8966473937034607,-0.2298896163702011,0.37838366627693176,0.4184449315071106,-0.16077686846256256,0.8938985466957092
300,1648476756.9125824,239.18463134765625,59.03703308105469,1528.8033447265625,0.8617323040962219,0.49998289346694946,-0.08622388541698456,-0.5070750117301941,0.8429872989654541,-0.17957545816898346,-0.017099017277359962,0.19846795499324799,0.9799582362174988
4,1648476756.9125905,-11.084707260131836,59.14478302001953,1564.4066162109375,-0.13967028260231018,-0.9878793954849243,0.06772398203611374,-0.8996031284332275,0.0980147197842598,-0.4255671203136444,0.41377103328704834,-0.12036377936601639,-0.9023891091346741
410,1648476756.912596,-43.99898147583008,-47.4456901550293,1587.6689453125,-0.14430071413516998,0.9600679278373718,0.2396806925535202,-0.8965451717376709,-0.22935745120048523,0.37894847989082336,0.4187888205051422,-0.1602020412683487,0.8938407301902771
300,1648476756.942662,239.18324279785156,59.03447723388672,1528.810302734375,0.8617492318153381,0.4999715983867645,-0.08612003922462463,-0.5070449113845825,0.8430236577987671,-0.1794898957014084,-0.01713862083852291,0.19834201037883759,0.9799830317497253
4,1648476756.9426699,-11.174759864807129,59.144737243652344,1564.3316650390625,-0.14005164802074432,-0.9878901243209839,0.06677340716123581,-0.8997620940208435,0.09882843494415283,-0.4250425100326538,0.4132961928844452,-0.1196080818772316,-0.9027071595191956
410,1648476756.9426754,-44.1031494140625,-47.44563674926758,1587.574462890625,-0.14435264468193054,0.9597657322883606,0.24085691571235657,-0.8964157700538635,-0.22991514205932617,0.37891656160354614,0.4190478026866913,-0.1612103283405304,0.8935379981994629
300,1648476756.9742403,239.18746948242188,59.037593841552734,1528.8133544921875,0.8617600202560425,0.5000460147857666,-0.08557858318090439,-0.5070080161094666,0.8430153131484985,-0.17963311076164246,-0.017680766060948372,0.1981896609067917,0.9800041913986206
4,1648476756.9742486,-11.23264217376709,59.14934158325195,1564.3438720703125,-0.14002417027950287,-0.9879538416862488,0.06588227301836014,-0.8994898200035095,0.0991077646613121,-0.4255533814430237,0.41389763355255127,-0.11884819716215134,-0.9025319218635559
410,1648476756.9742537,-44.17074966430664,-47.36673355102539,1587.452392578125,-0.14537133276462555,0.9596590399742126,0.2406693696975708,-0.8968706130981445,-0.2305237501859665,0.37746772170066833,0.4177202880382538,-0.16097630560398102,0.8942015171051025
300,1648476757.0040243,239.180908203125,59.03208923339844,1528.80078125,0.8617298603057861,0.49998658895492554,-0.08622690290212631,-0.507081151008606,0.8430070281028748,-0.17946548759937286,-0.01704045571386814,0.19837480783462524,0.979978084564209
4,1648476757.004034,-11.1665620803833,59.12678146362305,1564.21923828125,-0.14017225801944733,-0.9877778887748718,0.06816567480564117,-0.8998998999595642,0.09838297963142395,-0.4248540997505188,0.4129551351070404,-0.12089504301548004,-0.9026917815208435
410,1648476757.004039,-44.30841827392578,-47.37849807739258,1587.3389892578125,-0.14541415870189667,0.9592941403388977,0.24209384620189667,-0.8969523906707764,-0.23108814656734467,0.3769279718399048,0.417529821395874,-0.16233597695827484,0.8940446972846985
300,1648476757.034084,239.1828155517578,59.03458023071289,1528.7996826171875,0.8617392778396606,0.49989035725593567,-0.08668959140777588,-0.5070762634277344,0.8429795503616333,-0.17960847914218903,-0.01670699566602707,0.19873391091823578,0.9799110889434814
4,1648476757.0340917,-11.147929191589355,59.12215042114258,1564.1993408203125,-0.1409381628036499,-0.9876709580421448,0.0681362971663475,-0.8997623920440674,0.09907550364732742,-0.42498430609703064,0.41299399733543396,-0.1212029829621315,-0.9026327133178711
410,1648476757.0340972,-44.265865325927734,-47.400230407714844,1587.29833984375,-0.14534272253513336,0.9591991305351257,0.24251295626163483,-0.8966535925865173,-0.23130904138088226,0.3775029182434082,0.418195903301239,-0.16258281469345093,0.893688440322876
300,1648476757.0646305,239.18130493164062,59.033870697021484,1528.7987060546875,0.8617414236068726,0.4999680519104004,-0.08621898293495178,-0.5070614218711853,0.843018651008606,-0.17946673929691315,-0.017043421044945717,0.1983722299337387,0.9799785614013672
4,1648476757.0646393,-11.106841087341309,59.13561248779297,1564.15380859375,-0.1401391327381134,-0.9877631664276123,0.06844668090343475,-0.9003382921218872,0.09835965931415558,-0.4239295721054077,0.4120096266269684,-0.12103429436683655,-0.9031050801277161
410,1648476757.064644,-44.13944625854492,-47.46626663208008,1587.36572265625,-0.1442372351884842,0.959428071975708,0.24226714670658112,-0.896328330039978,-0.23040857911109924,0.3788236677646637,0.4192744791507721,-0.1625104397535324,0.8931961059570312
300,1648476757.0939486,239.186279296875,59.03620529174805,1528.7996826171875,0.8617485761642456,0.4999430775642395,-0.08629172295331955,-0.5070473551750183,0.8429777026176453,-0.17969860136508942,-0.017097076401114464,0.19860900938510895,0.9799296855926514
4,1648476757.0939565,-11.090065956115723,59.1197624206543,1564.167236328125,-0.1410074084997177,-0.9876291155815125,0.06859750300645828,-0.8997650146484375,0.09894293546676636,-0.42500969767570496,0.41296470165252686,-0.12165115028619766,-0.9025858044624329
410,1648476757.0939617,-43.98887252807617,-47.42610168457031,1587.4407958984375,-0.1444334089756012,0.9598069787025452,0.24064405262470245,-0.8964852690696716,-0.22987237572669983,0.37877804040908813,0.4188712239265442,-0.16102565824985504,0.8936541080474854
300,1648476757.1262197,239.18075561523438,59.03607177734375,1528.7979736328125,0.8617300391197205,0.4999988377094269,-0.0861542597413063,-0.5070691704750061,0.8428979516029358,-0.18001088500022888,-0.01738598197698593,0.19880694150924683,0.9798844456672668
4,1648476757.1262276,-10.974020004272461,59.106300354003906,1564.046875,-0.13929203152656555,-0.9877705574035645,0.07005000859498978,-0.9002887606620789,0.09685977548360825,-0.4243799149990082,0.41240498423576355,-0.12217797338962555,-0.9027705788612366
410,1648476757.1262329,-43.953033447265625,-47.51051712036133,1587.3975830078125,-0.14380031824111938,0.9599350094795227,0.2405124008655548,-0.8961695432662964,-0.22940853238105774,0.3798049986362457,0.4197637140750885,-0.1609238237142563,0.8932535648345947
300,1648476757.1560512,239.18060302734375,59.036502838134766,1528.810302734375,0.8617218732833862,0.4999426007270813,-0.08656106889247894,-0.5071022510528564,0.8429682850837708,-0.17958785593509674,-0.016815390437841415,0.19865009188652039,0.9799262285232544
4,1648476757.1560597,-10.924773216247559,59.1032829284668,1564.0565185546875,-0.13920319080352783,-0.9877389669418335,0.07066989690065384,-0.9005042314529419,0.09657399356365204,-0.4239877760410309,0.41196438670158386,-0.12265899032354355,-0.9029064774513245
410,1648476757.1560647,-43.922767639160156,-47.4853401184082,1587.3045654296875,-0.14429055154323578,0.9595970511436462,0.2415652871131897,-0.8965490460395813,-0.23009100556373596,0.3784943222999573,0.4187840223312378,-0.16196195781230927,0.8935257196426392
300,1648476757.1865144,239.1858367919922,59.03431701660156,1528.7958984375,0.8617386817932129,0.4999520182609558,-0.08633871376514435,-0.5070609450340271,0.8429146409034729,-0.17995573580265045,-0.01719306781888008,0.19885380566120148,0.9798783659934998
4,1648476757.1865232,-10.956765174865723,59.10700607299805,1564.0052490234375,-0.13916780054569244,-0.987767219543457,0.07034344226121902,-0.9008440971374512,0.09678180515766144,-0.42321768403053284,0.411232590675354,-0.1222667470574379,-0.9032931923866272
410,1648476757.1865282,-43.80174255371094,-47.553714752197266,1587.215087890625,-0.14353416860103607,0.9603458642959595,0.23902659118175507,-0.8962649703025818,-0.2285599261522293,0.3800913393497467,0.419651061296463,-0.15967506170272827,0.893530547618866
300,1648476757.2159898,239.18948364257812,59.033180236816406,1528.8115234375,0.8617455363273621,0.4999377131462097,-0.08635333180427551,-0.5070577263832092,0.8430134057998657,-0.17950160801410675,-0.01694260723888874,0.1984708309173584,0.9799603223800659
4,1648476757.2159986,-11.029830932617188,59.10673522949219,1563.95556640625,-0.1400393843650818,-0.987716019153595,0.06932596862316132,-0.9010019898414612,0.09808478504419327,-0.42258113622665405,0.4105903208255768,-0.12164083123207092,-0.9036697745323181
410,1648476757.2160041,-43.6190071105957,-47.55255889892578,1587.123779296875,-0.1436336189508438,0.9608266949653625,0.2370261549949646,-0.8966708779335022,-0.2276989072561264,0.3796505331993103,0.41874897480010986,-0.15800386667251587,0.8942505717277527
300,1648476757.2496498,239.17991638183594,59.0310173034668,1528.806396484375,0.8617454767227173,0.49997976422309875,-0.08611050993204117,-0.5070365071296692,0.8428541421890259,-0.18030774593353271,-0.017571622505784035,0.19904054701328278,0.979833722114563
4,1648476757.249657,-11.129834175109863,59.08662414550781,1563.785888671875,-0.14008070528507233,-0.9878115057945251,0.06786612421274185,-0.9015082716941833,0.09889663010835648,-0.4213101863861084,0.4094633162021637,-0.1201993003487587,-0.9043737649917603
410,1648476757.2496617,-43.61760711669922,-47.69099426269531,1586.8447265625,-0.14232869446277618,0.9614037275314331,0.23546846210956573,-0.8969501256942749,-0.22587643563747406,0.38007935881614685,0.418596476316452,-0.15710726380348206,0.8944798707962036
300,1648476757.2781916,239.1792755126953,59.03493881225586,1528.7943115234375,0.8617583513259888,0.49990302324295044,-0.08642667531967163,-0.5070333480834961,0.842966616153717,-0.17979009449481964,-0.017022807151079178,0.19875681400299072,0.9799010157585144
4,1648476757.2781994,-11.177512168884277,59.07722473144531,1563.656982421875,-0.1401401311159134,-0.9878326058387756,0.06743525713682175,-0.9020443558692932,0.09929338842630386,-0.4200676381587982,0.40826064348220825,-0.1196979284286499,-0.9049837589263916
410,1648476757.2782047,-43.62491226196289,-47.69803237915039,1586.56884765625,-0.14248840510845184,0.961227536201477,0.23609031736850739,-0.8975551128387451,-0.2260286659002304,0.37855756282806396,0.4172431528568268,-0.15796400606632233,0.8949611783027649
300,1648476757.3085697,239.18316650390625,59.03376007080078,1528.7977294921875,0.8617641925811768,0.49993541836738586,-0.08618029206991196,-0.5070184469223022,0.843003511428833,-0.17965885996818542,-0.017167536541819572,0.1985185742378235,0.9799467325210571
4,1648476757.3085775,-11.204829216003418,59.08081817626953,1563.574462890625,-0.1403065025806427,-0.9878337979316711,0.06707040965557098,-0.902535617351532,0.09974920004606247,-0.41890284419059753,0.407116174697876,-0.1193082258105278,-0.9055506587028503
410,1648476757.3085833,-43.51976776123047,-47.75244140625,1586.3114013671875,-0.14188261330127716,0.9616244435310364,0.23483547568321228,-0.8980271816253662,-0.22484438121318817,0.3781430125236511,0.41643303632736206,-0.1572367250919342,0.8954664468765259
300,1648476757.3380976,239.18905639648438,59.034881591796875,1528.7763671875,0.8617655634880066,0.4998016953468323,-0.08693882077932358,-0.5070312023162842,0.8429086804389954,-0.18006736040115356,-0.016716482117772102,0.1992565393447876,0.9798047542572021
4,1648476757.3381064,-11.176262855529785,59.0806884765625,1563.4871826171875,-0.14009173214435577,-0.9878734946250916,0.06693500280380249,-0.9028185606002808,0.09968684613704681,-0.4183075726032257,0.4065624177455902,-0.11903159320354462,-0.9058358073234558
410,1648476757.3381116,-43.3138313293457,-47.73752212524414,1586.2120361328125,-0.14194002747535706,0.9621579051017761,0.23260529339313507,-0.898435115814209,-0.2238633930683136,0.37775588035583496,0.4155326187610626,-0.1553620845079422,0.8962116241455078
300,1648476757.3683996,239.18310546875,59.03780746459961,1528.78857421875,0.8617557883262634,0.4998827576637268,-0.08656921237707138,-0.507042407989502,0.8429681658744812,-0.17975732684135437,-0.01688249409198761,0.1988011747598648,0.9798943996429443
4,1648476757.3684082,-11.110260009765625,59.070289611816406,1563.43505859375,-0.13965773582458496,-0.9878905415534973,0.06758677214384079,-0.9033131003379822,0.0991467759013176,-0.417367160320282,0.405612051486969,-0.11934056878089905,-0.9062210917472839
410,1648476757.3684134,-43.18917465209961,-47.85035705566406,1586.1295166015625,-0.1400848627090454,0.9623365998268127,0.23299038410186768,-0.898567259311676,-0.2223941534757614,0.3783090114593506,0.4158762991428375,-0.1563621610403061,0.8958781957626343
300,1648476757.39822,239.17698669433594,59.035133361816406,1528.7825927734375,0.8617616295814514,0.49995237588882446,-0.08610749989748001,-0.5070214867591858,0.8430116176605225,-0.17961238324642181,-0.01720801182091236,0.19844141602516174,0.9799616932868958
4,1648476757.3982282,-10.966769218444824,59.026817321777344,1563.3382568359375,-0.1387619823217392,-0.9878840446472168,0.06949980556964874,-0.903205931186676,0.09746085852384567,-0.4179956614971161,0.4061577320098877,-0.12077454477548599,-0.9057866334915161
410,1648476757.3982337,-43.11914825439453,-47.87333297729492,1586.002685546875,-0.14068201184272766,0.9619840383529663,0.23408390581607819,-0.8984541296958923,-0.22337210178375244,0.37800148129463196,0.4159192144870758,-0.15713563561439514,0.8957229256629944
300,1648476757.4304512,239.1861572265625,59.03506851196289,1528.7796630859375,0.8617542386054993,0.49991244077682495,-0.08641304820775986,-0.5070360898971558,0.8429185748100281,-0.18000754714012146,-0.017148852348327637,0.1989368051290512,0.9798622727394104
4,1648476757.4304597,-10.925350189208984,59.02583312988281,1563.423095703125,-0.1382070779800415,-0.9880468845367432,0.06828030943870544,-0.9026695489883423,0.09729581326246262,-0.4191910922527313,0.407537043094635,-0.11956973373889923,-0.905326783657074
410,1648476757.4304655,-43.06128692626953,-47.79337692260742,1586.0302734375,-0.14090441167354584,0.9618933200836182,0.23432287573814392,-0.8989267945289612,-0.22347502410411835,0.3768150210380554,0.41482114791870117,-0.15754421055316925,0.8961602449417114
300,1648476757.461881,239.18946838378906,59.0372200012207,1528.7969970703125,0.861747682094574,0.49990031123161316,-0.08654855191707611,-0.50705486536026,0.8429533839225769,-0.1797914355993271,-0.016921402886509895,0.19881971180438995,0.979889988899231
4,1648476757.4618893,-10.856197357177734,59.0440788269043,1563.4100341796875,-0.1375018060207367,-0.9881190657615662,0.06865842640399933,-0.9033008813858032,0.0966561958193779,-0.4179774522781372,0.4063751995563507,-0.11949187517166138,-0.9058591723442078
410,1648476757.461894,-42.99332046508789,-47.75053024291992,1586.16259765625,-0.1411079466342926,0.9618672728538513,0.23430731892585754,-0.8987259268760681,-0.22371737658977509,0.37715020775794983,0.4151870608329773,-0.15735916793346405,0.8960233330726624
300,1648476757.4903538,239.18484497070312,59.033573150634766,1528.767333984375,0.8617901802062988,0.4998265206813812,-0.0865512490272522,-0.5069849491119385,0.8430171608924866,-0.17968948185443878,-0.01684938184916973,0.1987348198890686,0.9799084663391113
4,1648476757.4903617,-10.794946670532227,59.01752471923828,1563.3861083984375,-0.1379953920841217,-0.9879948496818542,0.06945080310106277,-0.9027116894721985,0.09661205857992172,-0.41925856471061707,0.4075155258178711,-0.12054979801177979,-0.9052065014839172
410,1648476757.490367,-42.96248245239258,-47.835628509521484,1586.2388916015625,-0.13996456563472748,0.9619338512420654,0.23471927642822266,-0.8978677988052368,-0.22323676943778992,0.37947171926498413,0.41742464900016785,-0.15763428807258606,0.8949346542358398
300,1648476757.5226412,239.1785125732422,59.03730010986328,1528.7744140625,0.8617497086524963,0.4999949038028717,-0.08597967028617859,-0.507043182849884,0.8430642485618591,-0.1793038696050644,-0.01716463640332222,0.19811047613620758,0.9800294041633606
4,1648476757.522649,-10.709589958190918,59.0225944519043,1563.3873291015625,-0.13729272782802582,-0.9879891276359558,0.07090963423252106,-0.9032243490219116,0.09548351913690567,-0.41841211915016174,0.4066159427165985,-0.12149225175380707,-0.9054850339889526
410,1648476757.5226548,-42.953086853027344,-47.827152252197266,1586.23291015625,-0.1403689682483673,0.9619169235229492,0.23454727232456207,-0.8978549838066101,-0.22351577877998352,0.37933775782585144,0.41731640696525574,-0.15734219551086426,0.8950365781784058
300,1648476757.552632,239.18551635742188,59.03609848022461,1528.7725830078125,0.8617608547210693,0.4998911917209625,-0.08647005259990692,-0.5070350170135498,0.8430228233337402,-0.1795215904712677,-0.016845032572746277,0.19854803383350372,0.9799463748931885
4,1648476757.5526397,-10.700590133666992,59.006935119628906,1563.45947265625,-0.137386754155159,-0.9880644679069519,0.06966733187437057,-0.9024062156677246,0.09585630893707275,-0.4200887382030487,0.4083966910839081,-0.12058286368846893,-0.9048048853874207
410,1648476757.5526445,-42.95463180541992,-47.715065002441406,1586.234619140625,-0.14083260297775269,0.9615161418914795,0.23590868711471558,-0.898566722869873,-0.2241731584072113,0.3772587776184082,0.41562479734420776,-0.15884937345981598,0.8955572843551636
300,1648476757.5827205,239.18817138671875,59.0375862121582,1528.767333984375,0.8617735505104065,0.49993735551834106,-0.08607552945613861,-0.5070014595985413,0.8430362343788147,-0.17955337464809418,-0.017200656235218048,0.19837477803230286,0.9799752831459045
4,1648476757.5827286,-10.553181648254395,59.009010314941406,1563.385009765625,-0.13607381284236908,-0.9880543947219849,0.07233576476573944,-0.9034061431884766,0.09378468245267868,-0.4184037744998932,0.40662169456481934,-0.12228237837553024,-0.9053760766983032
410,1648476757.582734,-42.96448516845703,-47.7703971862793,1586.1982421875,-0.14042560756206512,0.9614524841308594,0.23641017079353333,-0.8981297016143799,-0.22419320046901703,0.3782861530780792,0.4167056977748871,-0.15920594334602356,0.8949915170669556
300,1648476757.6125274,239.1874542236328,59.036930084228516,1528.773681640625,0.8617677688598633,0.4999106526374817,-0.08628819137811661,-0.5070129036903381,0.8429738283157349,-0.17981381714344025,-0.01715215854346752,0.1987069845199585,0.97990882396698
4,1648476757.612535,-10.509058952331543,59.00416946411133,1563.39306640625,-0.1357719898223877,-0.9880655407905579,0.07274958491325378,-0.9033446311950684,0.09330631792545319,-0.4186435341835022,0.40685924887657166,-0.12255801260471344,-0.9052320718765259
410,1648476757.6125405,-42.828155517578125,-47.79581069946289,1586.2144775390625,-0.14036308228969574,0.9614742994308472,0.2363586276769638,-0.8977183103561401,-0.22427694499492645,0.3792118728160858,0.4176122844219208,-0.1589561253786087,0.8946132659912109
300,1648476757.6426506,239.17916870117188,59.03940200805664,1528.7528076171875,0.861748456954956,0.5000115036964417,-0.08589547127485275,-0.5070376992225647,0.8430061936378479,-0.17959222197532654,-0.017387766391038895,0.1983155608177185,0.9799839854240417
4,1648476757.6426585,-10.48019790649414,59.014408111572266,1563.3734130859375,-0.1356803923845291,-0.9880971908569336,0.07248988002538681,-0.9037356376647949,0.09344760328531265,-0.41776716709136963,0.40602055191993713,-0.12219450622797012,-0.9056576490402222
410,1648476757.642664,-42.67873764038086,-47.839176177978516,1586.2291259765625,-0.1393531858921051,0.961855947971344,0.23540130257606506,-0.8975772261619568,-0.2230989784002304,0.380239337682724,0.41825324296951294,-0.15830329060554504,0.8944295644760132
300,1648476757.6746464,239.18667602539062,59.03992462158203,1528.7572021484375,0.8617545366287231,0.4998782277107239,-0.08660770207643509,-0.5070386528968811,0.8428847193717957,-0.1801586002111435,-0.017057057470083237,0.199165940284729,0.9798173308372498
4,1648476757.674656,-10.46851634979248,58.99951171875,1563.4219970703125,-0.13627241551876068,-0.9880545735359192,0.07195810973644257,-0.9030943512916565,0.09403831511735916,-0.4190196096897125,0.4072474241256714,-0.12208577990531921,-0.9051213264465332
410,1648476757.6746614,-42.58698654174805,-47.73515701293945,1586.24755859375,-0.13955770432949066,0.9617853760719299,0.2355685532093048,-0.8984023928642273,-0.22302432358264923,0.3783296048641205,0.4164094030857086,-0.15883654356002808,0.8951950669288635
300,1648476757.7041318,239.1897735595703,59.040916442871094,1528.7452392578125,0.8617541193962097,0.4999270737171173,-0.08632934838533401,-0.5070436596870422,0.8430348634719849,-0.17944073677062988,-0.01692863553762436,0.19840654730796814,0.9799736142158508
4,1648476757.7041392,-10.330862998962402,58.9884033203125,1563.3082275390625,-0.13447389006614685,-0.9881961345672607,0.07338368892669678,-0.9035425186157227,0.09187381714582443,-0.4185333251953125,0.4068509638309479,-0.12258708477020264,-0.9052318334579468
410,1648476757.7041447,-42.58705139160156,-47.80524826049805,1586.124755859375,-0.13872702419757843,0.9617795348167419,0.23608246445655823,-0.8981815576553345,-0.22260865569114685,0.3790980279445648,0.4171627163887024,-0.15945376455783844,0.8947344422340393
300,1648476757.7341843,239.18753051757812,59.04149627685547,1528.750244140625,0.8617669343948364,0.49991077184677124,-0.0862959697842598,-0.5070174336433411,0.8430055379867554,-0.17965254187583923,-0.017062269151210785,0.19857217371463776,0.979937732219696
4,1648476757.7341928,-10.239261627197266,58.989051818847656,1563.30224609375,-0.1336534321308136,-0.9882131814956665,0.07464220374822617,-0.9037485718727112,0.09063006192445755,-0.41835954785346985,0.40666359663009644,-0.12337297201156616,-0.9052093029022217
410,1648476757.7341988,-42.492610931396484,-47.76420974731445,1586.1097412109375,-0.13918685913085938,0.9615887403488159,0.2365885227918625,-0.8984975218772888,-0.2230754941701889,0.37807342410087585,0.4163282513618469,-0.1599513441324234,0.8950342535972595
300,1648476757.7651582,239.17678833007812,59.04117202758789,1528.743408203125,0.861751139163971,0.4999437630176544,-0.08626224100589752,-0.507044792175293,0.8430105447769165,-0.17955178022384644,-0.01704580895602703,0.19846776127815247,0.9799591898918152
4,1648476757.7651665,-10.195796966552734,58.98584747314453,1563.322021484375,-0.13413575291633606,-0.9881163239479065,0.07505818456411362,-0.9035311937332153,0.09084230661392212,-0.4187828004360199,0.40698766708374023,-0.12399116158485413,-0.9049791097640991
410,1648476757.7651715,-42.359336853027344,-47.82740020751953,1586.1649169921875,-0.13814230263233185,0.9619431495666504,0.23575851321220398,-0.8979107141494751,-0.22208981215953827,0.38004279136657715,0.41793912649154663,-0.1591901034116745,0.8944190144538879
300,1648476757.79413,239.18002319335938,59.04468536376953,1528.7568359375,0.8617726564407349,0.4999367892742157,-0.08608756959438324,-0.5070021748542786,0.8430222272872925,-0.1796170473098755,-0.017223434522747993,0.19843564927577972,0.9799625873565674
4,1648476757.7941391,-10.110614776611328,59.001766204833984,1563.3525390625,-0.1336265206336975,-0.9880970120429993,0.0762118473649025,-0.9033551812171936,0.08981937915086746,-0.41938281059265137,0.4075455963611603,-0.12488702684640884,-0.9046047925949097
410,1648476757.7941449,-42.25394821166992,-47.69799041748047,1586.2431640625,-0.13849881291389465,0.961857795715332,0.23589763045310974,-0.8982656002044678,-0.22231072187423706,0.3790736198425293,0.41705748438835144,-0.15939748287200928,0.8947935700416565
300,1648476757.826132,239.1836700439453,59.04344940185547,1528.7293701171875,0.8617536425590515,0.49992021918296814,-0.08637400716543198,-0.5070456862449646,0.8430324792861938,-0.17944617569446564,-0.016892679035663605,0.19843396544456482,0.9799686670303345
4,1648476757.8261397,-9.989232063293457,58.99692916870117,1563.3995361328125,-0.13291972875595093,-0.9880496859550476,0.0780392587184906,-0.9037092924118042,0.08848738670349121,-0.41890275478363037,0.40699124336242676,-0.1262052357196808,-0.9046714305877686
410,1648476757.826145,-42.25160598754883,-47.752845764160156,1586.2646484375,-0.13745303452014923,0.961912989616394,0.23628376424312592,-0.8979798555374146,-0.22168821096420288,0.3801138699054718,0.41801780462265015,-0.1599302440881729,0.894250214099884
300,1648476757.856099,239.18484497070312,59.04349136352539,1528.7196044921875,0.8617419004440308,0.5000224113464355,-0.08589785546064377,-0.5070546865463257,0.8430668711662292,-0.17925886809825897,-0.017215808853507042,0.1980297863483429,0.9800447821617126
4,1648476757.8561082,-9.895201683044434,58.99177932739258,1563.4388427734375,-0.13215819001197815,-0.9879636168479919,0.08038710057735443,-0.9038960933685303,0.08683261275291443,-0.41884592175483704,0.4068243205547333,-0.12801550328731537,-0.9044921398162842
410,1648476757.8561132,-42.23955154418945,-47.699317932128906,1586.3148193359375,-0.13814423978328705,0.9616689085960388,0.23687352240085602,-0.898064136505127,-0.22247301042079926,0.37945565581321716,0.41760867834091187,-0.16030798852443695,0.8943737149238586
300,1648476757.8865638,239.17752075195312,59.041011810302734,1528.710205078125,0.8617448210716248,0.4999023973941803,-0.08656500279903412,-0.507053017616272,0.8428665399551392,-0.1802034229040146,-0.01712138019502163,0.1991824060678482,0.9798128604888916
4,1648476757.8865721,-9.946008682250977,58.99228286743164,1563.515869140625,-0.1326073408126831,-0.9879835844039917,0.07939597219228745,-0.9031525254249573,0.08744367212057114,-0.4203203022480011,0.4083268940448761,-0.12744422256946564,-0.9038954973220825
410,1648476757.8865774,-42.217552185058594,-47.68189239501953,1586.3695068359375,-0.1375632882118225,0.9616776704788208,0.23717591166496277,-0.8978897929191589,-0.2221684753894806,0.38004615902900696,0.4181749224662781,-0.16067743301391602,0.8940427899360657
300,1648476757.9161134,239.17739868164062,59.03932189941406,1528.7415771484375,0.8617439270019531,0.4998898208141327,-0.0866461917757988,-0.5070580840110779,0.8428782820701599,-0.1801341474056244,-0.017015032470226288,0.19916415214538574,0.9798184037208557
4,1648476757.916121,-9.892647743225098,58.98773193359375,1563.574951171875,-0.13260282576084137,-0.9878671169281006,0.08083963394165039,-0.903240978717804,0.0868530124425888,-0.42025265097618103,0.4081325829029083,-0.12874436378479004,-0.9037989974021912
410,1648476757.9161267,-42.19657516479492,-47.599212646484375,1586.4317626953125,-0.1377577930688858,0.9615062475204468,0.23775717616081238,-0.8982915878295898,-0.22240732610225677,0.3789554238319397,0.41724693775177,-0.16137120127677917,0.8943513631820679
300,1648476757.9478433,239.18624877929688,59.039100646972656,1528.7340087890625,0.86175537109375,0.49987220764160156,-0.08663401007652283,-0.5070468187332153,0.8429892659187317,-0.1796458661556244,-0.01676843874156475,0.19873829185962677,0.9799091219902039
4,1648476757.9478505,-9.89818000793457,58.99978256225586,1563.539306640625,-0.13350607454776764,-0.9877723455429077,0.08051007986068726,-0.9033545851707458,0.08788017928600311,-0.4197947084903717,0.40758636593818665,-0.12877428531646729,-0.9040412306785583
410,1648476757.947855,-42.16392135620117,-47.65934371948242,1586.4345703125,-0.13685566186904907,0.9620741605758667,0.2359742522239685,-0.8978484272956848,-0.221110999584198,0.38075992465019226,0.418495774269104,-0.15975995361804962,0.8940570950508118
300,1648476757.9783654,239.1858367919922,59.038211822509766,1528.7572021484375,0.8617587685585022,0.49988245964050293,-0.08654120564460754,-0.5070281028747559,0.8428730964660645,-0.1802426129579544,-0.017156869173049927,0.1992044746875763,0.9798077344894409
4,1648476757.978374,-9.879323959350586,58.98912811279297,1563.4788818359375,-0.13292713463306427,-0.9877666234970093,0.08153170347213745,-0.90373295545578,0.08702044934034348,-0.4191588759422302,0.4069362282752991,-0.12940047681331635,-0.9042446613311768
410,1648476757.9783792,-42.146080017089844,-47.67815017700195,1586.357666015625,-0.13733075559139252,0.9619532823562622,0.23619094491004944,-0.8977580666542053,-0.22163288295269012,0.380669504404068,0.41853395104408264,-0.15976470708847046,0.8940383195877075
300,1648476758.008027,239.18321228027344,59.03725814819336,1528.7574462890625,0.8617619872093201,0.49985334277153015,-0.08667725324630737,-0.5070299506187439,0.8429118990898132,-0.18005596101284027,-0.01694028452038765,0.19911333918571472,0.9798300266265869
4,1648476758.0080347,-9.95970344543457,58.991512298583984,1563.52392578125,-0.13307884335517883,-0.987855076789856,0.08020196110010147,-0.9033432006835938,0.08760489523410797,-0.41987669467926025,0.4077512323856354,-0.12832659482955933,-0.9040305614471436
410,1648476758.0080411,-42.19241714477539,-47.59269332885742,1586.3165283203125,-0.13732343912124634,0.9617490768432617,0.2370252162218094,-0.8983580470085144,-0.22172608971595764,0.37919700145721436,0.41724705696105957,-0.16086086630821228,0.8944432139396667
300,1648476758.0382333,239.18313598632812,59.03988265991211,1528.7685546875,0.8617355227470398,0.49984872341156006,-0.08696635067462921,-0.5070823431015015,0.8428738117218018,-0.18008671700954437,-0.016714461147785187,0.19928622245788574,0.9797987937927246
4,1648476758.0382416,-9.963485717773438,58.98301696777344,1563.47265625,-0.13298143446445465,-0.9878783822059631,0.08007676899433136,-0.9031661152839661,0.08751066029071808,-0.4202771484851837,0.40817511081695557,-0.12821167707443237,-0.903855562210083
410,1648476758.0382469,-42.22966384887695,-47.52550506591797,1586.248779296875,-0.13717523217201233,0.9619095921516418,0.2364591658115387,-0.8985540270805359,-0.22130221128463745,0.37898024916648865,0.41687366366386414,-0.16048462688922882,0.8946848511695862
300,1648476758.0686986,239.19174194335938,59.037620544433594,1528.7860107421875,0.8617960810661316,0.49988067150115967,-0.086179219186306,-0.5069588422775269,0.8429684042930603,-0.17999152839183807,-0.017327919602394104,0.1988053023815155,0.9798858165740967
4,1648476758.068707,-9.930788040161133,58.967899322509766,1563.3856201171875,-0.13300782442092896,-0.9878086447715759,0.08088845759630203,-0.9033457040786743,0.08724693953990936,-0.4199458360671997,0.4077688455581665,-0.1289263218641281,-0.9039372801780701
410,1648476758.0687122,-42.16338348388672,-47.62236022949219,1586.19140625,-0.13683123886585236,0.9620457291603088,0.23610424995422363,-0.8980937600135803,-0.22104796767234802,0.3802175521850586,0.4179770350456238,-0.16001811623573303,0.8942535519599915
300,1648476758.0986347,239.1898956298828,59.037750244140625,1528.7767333984375,0.8617764711380005,0.4999257028102875,-0.08611408621072769,-0.5069987177848816,0.8430500030517578,-0.17949658632278442,-0.017136473208665848,0.19834566116333008,0.979982316493988
4,1648476758.0986426,-10.031597137451172,58.977935791015625,1563.385498046875,-0.13459663093090057,-0.9877583980560303,0.07884843647480011,-0.9029754996299744,0.08949548751115799,-0.4202687740325928,0.4080674350261688,-0.12776495516300201,-0.9039674401283264
410,1648476758.098648,-42.145626068115234,-47.573097229003906,1586.1121826171875,-0.13656622171401978,0.9621340036392212,0.2358979433774948,-0.8982574939727783,-0.2206796556711197,0.3800446689128876,0.4177117645740509,-0.15999582409858704,0.8943814635276794
300,1648476758.1304617,239.18370056152344,59.036041259765625,1528.788818359375,0.8617548942565918,0.49991193413734436,-0.08640953153371811,-0.507038414478302,0.8429605960845947,-0.17980395257472992,-0.017046308144927025,0.19875988364219666,0.9798999428749084
4,1648476758.1304708,-10.062634468078613,58.98859405517578,1563.3914794921875,-0.13540641963481903,-0.9876625537872314,0.07866234332323074,-0.9027507305145264,0.090267613530159,-0.4205862879753113,0.408296674489975,-0.12796257436275482,-0.9038359522819519
410,1648476758.1304762,-42.12872314453125,-47.43578338623047,1586.105712890625,-0.13710787892341614,0.9622678160667419,0.23503631353378296,-0.898942232131958,-0.2205359935760498,0.3785058856010437,0.4160580039024353,-0.15938793122768402,0.8952603936195374
300,1648476758.1617885,239.181640625,59.04222869873047,1528.769775390625,0.8617591857910156,0.49987876415252686,-0.08655823022127151,-0.5070321559906006,0.8429234027862549,-0.17999599874019623,-0.017014222219586372,0.1990010142326355,0.9798516035079956
4,1648476758.1617968,-10.012492179870605,59.00426483154297,1563.2869873046875,-0.13330456614494324,-0.9878803491592407,0.07951316237449646,-0.903879702091217,0.08827866613864899,-0.41857895255088806,0.4064866006374359,-0.1276688128709793,-0.9046929478645325
410,1648476758.1618016,-42.11857986450195,-47.43286895751953,1585.9886474609375,-0.13658881187438965,0.9624569416046143,0.23456378281116486,-0.8986090421676636,-0.22003784775733948,0.37958553433418274,0.4169476330280304,-0.15893398225307465,0.8949272036552429
300,1648476758.19018,239.19395446777344,59.042724609375,1528.7728271484375,0.8617636561393738,0.49985042214393616,-0.08667708933353424,-0.5070268511772156,0.8429116606712341,-0.18006572127342224,-0.01694479212164879,0.19912169873714447,0.9798282384872437
4,1648476758.1901882,-9.946587562561035,59.00281524658203,1563.2222900390625,-0.13262447714805603,-0.9878436326980591,0.08109067380428314,-0.9043757319450378,0.0871260017156601,-0.41774827241897583,0.40560486912727356,-0.1287400871515274,-0.9049368500709534
410,1648476758.1901934,-42.04667663574219,-47.47722625732422,1585.89599609375,-0.13652363419532776,0.9624512791633606,0.2346249371767044,-0.897858202457428,-0.22029221057891846,0.3812112510204315,0.41858330368995667,-0.1586155742406845,0.8942198157310486
300,1648476758.22228,239.18760681152344,59.03941345214844,1528.7572021484375,0.8617790937423706,0.49982398748397827,-0.086676225066185,-0.5070058107376099,0.8429858088493347,-0.17977777123451233,-0.016790419816970825,0.1988740712404251,0.979881227016449
4,1648476758.2222877,-10.052838325500488,58.99080276489258,1563.26123046875,-0.13446620106697083,-0.9878162145614624,0.0783451646566391,-0.9032438397407532,0.08967040479183197,-0.41965433955192566,0.40751612186431885,-0.1271941214799881,-0.9042965769767761
410,1648476758.2222936,-41.96158218383789,-47.39225769042969,1585.893310546875,-0.13639986515045166,0.9625273942947388,0.23438453674316406,-0.8979853391647339,-0.2200441211462021,0.3810550570487976,0.41835084557533264,-0.15849801898002625,0.8943494558334351
300,1648476758.2526689,239.18382263183594,59.039512634277344,1528.7784423828125,0.8617597818374634,0.4999608099460602,-0.08607690036296844,-0.5070153474807739,0.8429151177406311,-0.18008200824260712,-0.017478423193097115,0.1988297402858734,0.9798781871795654
4,1648476758.252678,-10.197813034057617,59.03641891479492,1563.30517578125,-0.13486610352993011,-0.9880030751228333,0.07523982226848602,-0.9036561846733093,0.09149200469255447,-0.4183715581893921,0.40646854043006897,-0.1244150698184967,-0.9051542282104492
410,1648476758.2526832,-41.99443817138672,-47.221214294433594,1585.9156494140625,-0.13651657104492188,0.962584376335144,0.23408243060112,-0.8988405466079712,-0.2196987420320511,0.3792336583137512,0.4164719879627228,-0.1586311012506485,0.8952023386955261
300,1648476758.2826376,239.1818389892578,59.04160690307617,1528.7393798828125,0.8617771863937378,0.4997912347316742,-0.08688375353813171,-0.5070143938064575,0.8429730534553528,-0.17981350421905518,-0.016628554090857506,0.19901049137115479,0.9798562526702881
4,1648476758.282646,-10.134635925292969,59.00651168823242,1563.1500244140625,-0.13527314364910126,-0.9878727793693542,0.07621372491121292,-0.9036882519721985,0.09147337824106216,-0.4183063507080078,0.4062619209289551,-0.12545906007289886,-0.9051029086112976
410,1648476758.2826514,-42.06782150268555,-47.19474792480469,1585.744873046875,-0.1364678144454956,0.9625208377838135,0.23437193036079407,-0.8986378908157349,-0.21984875202178955,0.37962672114372253,0.41692501306533813,-0.1588086634874344,0.8949599862098694
300,1648476758.3123558,239.1894989013672,59.04298400878906,1528.7393798828125,0.861765444278717,0.4998515844345093,-0.08665262162685394,-0.5070338845252991,0.8430413603782654,-0.1794375628232956,-0.016640402376651764,0.1985689103603363,0.9799456596374512
4,1648476758.3123636,-10.02525520324707,59.00301742553711,1563.0732421875,-0.13390937447547913,-0.9878270030021667,0.0791587382555008,-0.9044086337089539,0.08916550874710083,-0.41724637150764465,0.4051089882850647,-0.12746503949165344,-0.9053393602371216
410,1648476758.3123686,-42.00274658203125,-47.29314422607422,1585.63330078125,-0.13616245985031128,0.962638795375824,0.23406478762626648,-0.8980822563171387,-0.21967987716197968,0.38103675842285156,0.4182201027870178,-0.15832653641700745,0.8944409489631653
300,1648476758.3423653,239.18426513671875,59.03935241699219,1528.73876953125,0.8617842793464661,0.49991533160209656,-0.08609577268362045,-0.5069841742515564,0.8430493474006653,-0.17954066395759583,-0.01717214658856392,0.19837452471256256,0.9799758791923523
4,1648476758.342373,-10.224661827087402,59.01719665527344,1563.2618408203125,-0.13524790108203888,-0.9879456758499146,0.07530846446752548,-0.9030627608299255,0.09164121001958847,-0.41961827874183655,0.4076586961746216,-0.12476076185703278,-0.9045712351799011
410,1648476758.3423781,-41.92940139770508,-47.03143310546875,1585.6971435546875,-0.13675326108932495,0.9629750847816467,0.23233069479465485,-0.8994093537330627,-0.2189941108226776,0.37829142808914185,0.4151642620563507,-0.1572277992963791,0.8960569500923157
300,1648476758.374514,239.1844482421875,59.04014587402344,1528.74853515625,0.8617317080497742,0.5000385642051697,-0.085906483232975,-0.507064163684845,0.842964768409729,-0.17971178889274597,-0.01744668558239937,0.19842346012592316,0.979961097240448
4,1648476758.3745236,-10.229488372802734,59.01512908935547,1563.2476806640625,-0.13498997688293457,-0.9879487156867981,0.07573042809963226,-0.9029542803764343,0.09118562191724777,-0.4199508726596832,0.4079843759536743,-0.12507027387619019,-0.9043816328048706
410,1648476758.3745291,-42.033573150634766,-46.95664978027344,1585.62353515625,-0.1364898532629013,0.9627551436424255,0.23339471220970154,-0.8991678357124329,-0.21928079426288605,0.37869933247566223,0.4157736897468567,-0.1581723988056183,0.8956080079078674
300,1648476758.4042964,239.18360900878906,59.043941497802734,1528.7523193359375,0.8617756366729736,0.49977415800094604,-0.08699755370616913,-0.5070155262947083,0.8429124355316162,-0.18009407818317413,-0.01667504943907261,0.1993097960948944,0.9797946214675903
4,1648476758.404304,-10.107206344604492,58.99685287475586,1563.0728759765625,-0.13564740121364594,-0.9876356720924377,0.0785849466919899,-0.9035999774932861,0.09079442918300629,-0.4186447560787201,0.40633338689804077,-0.1277974247932434,-0.9047436118125916
410,1648476758.4043095,-42.125423431396484,-47.03666687011719,1585.4791259765625,-0.13677707314491272,0.9625239968299866,0.2341786026954651,-0.8987377285957336,-0.2199963629245758,0.3793047070503235,0.4166083037853241,-0.15858496725559235,0.8951470851898193
300,1648476758.4344158,239.18508911132812,59.04319381713867,1528.7403564453125,0.8617746829986572,0.49988865852355957,-0.08634660392999649,-0.5069997310638428,0.8429417610168457,-0.18000119924545288,-0.01719539798796177,0.19889816641807556,0.9798693060874939
4,1648476758.4344292,-10.259088516235352,59.021636962890625,1563.11328125,-0.13619768619537354,-0.9877354502677917,0.07634725421667099,-0.9037237167358398,0.09230028092861176,-0.4180479943752289,0.40587395429611206,-0.12593398988246918,-0.9052110314369202
410,1648476758.434435,-42.23060989379883,-47.011348724365234,1585.4013671875,-0.1367792785167694,0.962324857711792,0.23499423265457153,-0.898618221282959,-0.2203652709722519,0.379373699426651,0.4168652892112732,-0.15927964448928833,0.8949040770530701
300,1648476758.4650106,239.18182373046875,59.039520263671875,1528.7347412109375,0.8617846369743347,0.49994096159935,-0.08594341576099396,-0.5069772601127625,0.843031644821167,-0.1796433925628662,-0.017358075827360153,0.19838528335094452,0.979970395565033
4,1648476758.465019,-10.407774925231934,59.04745101928711,1563.1802978515625,-0.13730840384960175,-0.9878022074699402,0.07343845069408417,-0.9033684730529785,0.09447085112333298,-0.4183307886123657,0.4062902629375458,-0.12378231436014175,-0.9053210020065308
410,1648476758.4650238,-42.33479690551758,-46.80656433105469,1585.406005859375,-0.13767743110656738,0.9618891477584839,0.23625020682811737,-0.8995761871337891,-0.2212500423192978,0.3765781819820404,0.41449683904647827,-0.16067872941493988,0.8957537412643433
300,1648476758.4947698,239.17855834960938,59.03961944580078,1528.742431640625,0.8617967963218689,0.4998054802417755,-0.0866069346666336,-0.5069738626480103,0.8430039286613464,-0.17978280782699585,-0.016846446320414543,0.19884370267391205,0.9798864126205444
4,1648476758.494779,-10.290722846984863,59.041019439697266,1563.051513671875,-0.13599281013011932,-0.9877586364746094,0.07641228288412094,-0.9043741822242737,0.09228137880563736,-0.4166431427001953,0.4044914245605469,-0.12576577067375183,-0.9058529734611511
410,1648476758.4947855,-42.34336853027344,-46.9140625,1585.3919677734375,-0.1370927393436432,0.9620798826217651,0.23581328988075256,-0.8988209366798401,-0.22087544202804565,0.37859606742858887,0.41632500290870667,-0.1600511521100998,0.8950179219245911
300,1648476758.525951,239.1819610595703,59.04240417480469,1528.739990234375,0.8617621064186096,0.4998405873775482,-0.08674942702054977,-0.5070406794548035,0.8430161476135254,-0.1795370876789093,-0.01660875789821148,0.19870373606681824,0.9799188375473022
4,1648476758.5259593,-10.25997543334961,59.022315979003906,1562.9842529296875,-0.13527673482894897,-0.987817108631134,0.07692582905292511,-0.904292106628418,0.09136287122964859,-0.4170234799385071,0.4049147665500641,-0.12597699463367462,-0.9056345224380493
410,1648476758.5259645,-42.289695739746094,-46.972816467285156,1585.396484375,-0.13666705787181854,0.9619985818862915,0.23639139533042908,-0.8982816934585571,-0.22095049917697906,0.3798300325870514,0.4176267385482788,-0.16043581068515778,0.8943423628807068
300,1648476758.5567603,239.1880340576172,59.04446029663086,1528.7469482421875,0.8617708683013916,0.4998972415924072,-0.08633484691381454,-0.5070058703422546,0.8429389595985413,-0.179997056722641,-0.017205026000738144,0.19888849556446075,0.9798710942268372
4,1648476758.5567682,-10.386398315429688,59.0391731262207,1563.109130859375,-0.1354558765888214,-0.9880819916725159,0.07311414927244186,-0.903888463973999,0.0930180624127388,-0.41753241419792175,0.40575531125068665,-0.12264425307512283,-0.9057157635688782
410,1648476758.5567732,-42.22813034057617,-46.89745330810547,1585.4847412109375,-0.13654989004135132,0.961904764175415,0.2368403822183609,-0.8982791900634766,-0.22102968394756317,0.37978988885879517,0.41767045855522156,-0.16088852286338806,0.8942406177520752
300,1648476758.5859797,239.18719482421875,59.04078674316406,1528.72119140625,0.8617872595787048,0.49984946846961975,-0.0864478200674057,-0.506986677646637,0.843013346195221,-0.17970247566699982,-0.016947520896792412,0.1986932009458542,0.979915201663971
4,1648476758.5859885,-10.286177635192871,59.023468017578125,1563.1011962890625,-0.13546383380889893,-0.9880702495574951,0.07325784862041473,-0.9035919308662415,0.09287518262863159,-0.4182054102420807,0.4064125120639801,-0.12284691631793976,-0.9053935408592224
410,1648476758.5859945,-42.22217559814453,-46.77833557128906,1585.5301513671875,-0.1365390121936798,0.9616044759750366,0.23806284368038177,-0.8987696170806885,-0.22131243348121643,0.3784627318382263,0.4166177213191986,-0.16228872537612915,0.8944786190986633
300,1648476758.6160486,239.18858337402344,59.04643630981445,1528.720458984375,0.8617724776268005,0.49979642033576965,-0.08690063655376434,-0.5070117712020874,0.8428372144699097,-0.1804565191268921,-0.016948429867625237,0.1995721012353897,0.9797365665435791
4,1648476758.6160567,-10.084738731384277,59.000038146972656,1562.9923095703125,-0.1348312497138977,-0.988007664680481,0.07524186372756958,-0.9037075638771057,0.0914740189909935,-0.41826438903808594,0.4063657522201538,-0.12439175695180893,-0.9052035808563232
410,1648476758.616062,-42.151580810546875,-46.84440612792969,1585.50439453125,-0.13674145936965942,0.9616153836250305,0.23790249228477478,-0.8979703783988953,-0.2217303216457367,0.3801116645336151,0.41827142238616943,-0.1616523563861847,0.8938218951225281
300,1648476758.6486874,239.19232177734375,59.04380416870117,1528.7252197265625,0.861782431602478,0.49985870718955994,-0.0864427238702774,-0.5070035457611084,0.8431130051612854,-0.17918653786182404,-0.01668696291744709,0.198246568441391,0.9800101518630981
4,1648476758.6486948,-10.009048461914062,59.0247917175293,1563.023681640625,-0.13322857022285461,-0.9880796670913696,0.07712807506322861,-0.9046350717544556,0.08945070952177048,-0.4166940450668335,0.404827743768692,-0.12528832256793976,-0.9057689309120178
410,1648476758.6487,-41.99059295654297,-46.88406753540039,1585.5438232421875,-0.13603268563747406,0.9620285630226135,0.23663507401943207,-0.8973669409751892,-0.22086121141910553,0.382037878036499,0.41979485750198364,-0.1603788584470749,0.8933369517326355
300,1648476758.6783977,239.1956329345703,59.04393005371094,1528.7049560546875,0.8617832064628601,0.4998709559440613,-0.08636380732059479,-0.5069876313209534,0.8429713249206543,-0.17989693582057953,-0.017123041674494743,0.19881753623485565,0.9798869490623474
4,1648476758.6784055,-10.198702812194824,59.05290222167969,1563.1751708984375,-0.13381993770599365,-0.9882444143295288,0.0739271342754364,-0.9038846492767334,0.09113074094057083,-0.4179566502571106,0.40630629658699036,-0.12275253236293793,-0.9054540395736694
410,1648476758.678411,-41.88176345825195,-46.7033805847168,1585.6927490234375,-0.13560664653778076,0.9621689319610596,0.236308753490448,-0.8980234265327454,-0.22012034058570862,0.3809211552143097,0.41852685809135437,-0.16055536270141602,0.8939000368118286
300,1648476758.7085533,239.18870544433594,59.0421142578125,1528.709228515625,0.8617960810661316,0.4998106360435486,-0.08658415079116821,-0.5069695115089417,0.8429465293884277,-0.18006417155265808,-0.017012180760502815,0.1990741342306137,0.9798367619514465
4,1648476758.7085612,-10.161958694458008,59.02568817138672,1563.1282958984375,-0.1332034170627594,-0.988340437412262,0.07375688850879669,-0.9035320281982422,0.09051573276519775,-0.41885170340538025,0.40729188919067383,-0.12243418395519257,-0.9050542116165161
410,1648476758.7085667,-41.912139892578125,-46.614933013916016,1585.6995849609375,-0.1355416476726532,0.9621368050575256,0.23647667467594147,-0.8981870412826538,-0.2200690060853958,0.38056492805480957,0.4181967079639435,-0.16081789135932922,0.8940073251724243
300,1648476758.73873,239.18714904785156,59.04499816894531,1528.7208251953125,0.861755907535553,0.4998757839202881,-0.08660789579153061,-0.5070468187332153,0.843009889125824,-0.17954899370670319,-0.016740882769227028,0.19864167273044586,0.9799292087554932
4,1648476758.7387388,-9.916217803955078,59.0046501159668,1562.9625244140625,-0.13213013112545013,-0.9881141185760498,0.07856278866529465,-0.9047133326530457,0.08783355355262756,-0.41686809062957764,0.4050127863883972,-0.12615764141082764,-0.9055655002593994
410,1648476758.738744,-41.908226013183594,-46.71841049194336,1585.51806640625,-0.13552282750606537,0.9619722962379456,0.2371557056903839,-0.8972639441490173,-0.22067666053771973,0.38238629698753357,0.4201797544956207,-0.16096918284893036,0.8930497765541077
300,1648476758.7684982,239.19308471679688,59.043094635009766,1528.75244140625,0.8617962002754211,0.4998886287212372,-0.08613187074661255,-0.5069640278816223,0.8430474996566772,-0.17960602045059204,-0.01716974936425686,0.19844955205917358,0.9799606800079346
4,1648476758.7685063,-9.967233657836914,59.00607681274414,1563.103271484375,-0.1343073546886444,-0.9879934191703796,0.07635769248008728,-0.9036350250244141,0.09048514813184738,-0.41863611340522766,0.4067005217075348,-0.12522539496421814,-0.904938280582428
410,1648476758.7685118,-41.87775802612305,-46.53856658935547,1585.47314453125,-0.13631035387516022,0.9614010453224182,0.23901355266571045,-0.8981178402900696,-0.22174803912639618,0.3797526955604553,0.4180954396724701,-0.16289812326431274,0.8936780095100403
300,1648476758.798044,239.19992065429688,59.04586410522461,1528.738525390625,0.8617509603500366,0.49983248114585876,-0.08690690249204636,-0.5070602297782898,0.8429572582244873,-0.17975811660289764,-0.016590144485235214,0.19897376000881195,0.9798643589019775
4,1648476758.7980533,-9.955164909362793,59.0140495300293,1563.099365234375,-0.13380880653858185,-0.9881073236465454,0.07575667649507523,-0.9037425518035889,0.09030278027057648,-0.4184432625770569,0.4066258370876312,-0.12445592880249023,-0.9050779938697815
410,1648476758.7980587,-41.83747482299805,-46.43773651123047,1585.4986572265625,-0.13613665103912354,0.961630642414093,0.2381875067949295,-0.8985391855239868,-0.22111128270626068,0.3791268467903137,0.4172459542751312,-0.1624077558517456,0.8941641449928284
300,1648476758.8306274,239.19497680664062,59.04582595825195,1528.7421875,0.8617830872535706,0.4998444616794586,-0.08651823550462723,-0.5069932341575623,0.8429785370826721,-0.1798473596572876,-0.016962695866823196,0.19885358214378357,0.9798824191093445
4,1648476758.8306382,-9.892953872680664,59.000633239746094,1562.98193359375,-0.13366656005382538,-0.9880697727203369,0.07649396359920502,-0.9041383862495422,0.08997824788093567,-0.4176574647426605,0.40579190850257874,-0.12498796731233597,-0.9053788781166077
410,1648476758.8306437,-41.75782012939453,-46.4875602722168,1585.432861328125,-0.13492396473884583,0.9620083570480347,0.2373509556055069,-0.8979213237762451,-0.21999533474445343,0.38123399019241333,0.4189663827419281,-0.16168488562107086,0.8934904336929321
300,1648476758.8621547,239.1857147216797,59.048824310302734,1528.750244140625,0.8617749810218811,0.4998789131641388,-0.08640022575855255,-0.5070120692253113,0.8430721759796143,-0.17935453355312347,-0.016813920810818672,0.19836920499801636,0.9799831509590149
4,1648476758.8621635,-9.745346069335938,59.00872802734375,1562.9732666015625,-0.13164022564888,-0.9879721403121948,0.08112866431474686,-0.9050021767616272,0.08637993782758713,-0.41654476523399353,0.4045267403125763,-0.1282556653022766,-0.9054880738258362
410,1648476758.8621686,-41.620731353759766,-46.580692291259766,1585.4112548828125,-0.13446377217769623,0.9621296525001526,0.23712031543254852,-0.8968838453292847,-0.2199133038520813,0.3837154507637024,0.42132991552352905,-0.16107355058193207,0.8924888968467712
300,1648476758.8902524,239.1902618408203,59.04226303100586,1528.7415771484375,0.8617563843727112,0.49987471103668213,-0.08660925179719925,-0.5070413947105408,0.8429552316665649,-0.1798207312822342,-0.016880109906196594,0.19887614250183105,0.9798792600631714
4,1648476758.8902671,-9.909099578857422,59.02069091796875,1563.1927490234375,-0.13338764011859894,-0.9881374835968018,0.07610572874546051,-0.9036715030670166,0.08973623067140579,-0.41871848702430725,0.40692198276519775,-0.12462645024061203,-0.9049214124679565
410,1648476758.890273,-41.57374954223633,-46.268394470214844,1585.5638427734375,-0.13488222658634186,0.9621644616127014,0.23674115538597107,-0.8983898162841797,-0.2195378541946411,0.3803930878639221,0.4179743528366089,-0.16137756407260895,0.8940104842185974
300,1648476758.922083,239.20152282714844,59.043643951416016,1528.74560546875,0.861775815486908,0.4998902380466461,-0.08632604777812958,-0.5069986581802368,0.8429603576660156,-0.17991718649864197,-0.0171694103628397,0.1988154798746109,0.979886531829834
4,1648476758.922091,-9.841851234436035,59.012027740478516,1563.218994140625,-0.13099032640457153,-0.9884359836578369,0.07639255374670029,-0.9035015106201172,0.08730536699295044,-0.41959837079048157,0.408076673746109,-0.12398411333560944,-0.9044895768165588
410,1648476758.9220965,-41.622440338134766,-46.10653305053711,1585.5595703125,-0.13540101051330566,0.9619084000587463,0.2374844253063202,-0.8982475399971008,-0.2203252613544464,0.3802737295627594,0.41811230778694153,-0.1618303656578064,0.893864095211029
300,1648476758.951942,239.197021484375,59.04669189453125,1528.7479248046875,0.8617594838142395,0.49986571073532104,-0.08663083612918854,-0.5070421695709229,0.8430209755897522,-0.17951016128063202,-0.016699358820915222,0.19862006604671478,0.9799342751502991
4,1648476758.9519498,-9.670907974243164,59.000301361083984,1563.0889892578125,-0.1301356703042984,-0.9881455898284912,0.08144298940896988,-0.9045205116271973,0.08467599749565125,-0.41793856024742126,0.40608787536621094,-0.12805557250976562,-0.9048173427581787
410,1648476758.9519548,-41.625980377197266,-46.07916259765625,1585.4681396484375,-0.1343432366847992,0.9618862867355347,0.23817355930805206,-0.8972509503364563,-0.22009006142616272,0.3827545642852783,0.4205860197544098,-0.16228097677230835,0.8926210403442383
300,1648476758.982736,239.18414306640625,59.04351806640625,1528.73876953125,0.861806333065033,0.4998413324356079,-0.08630463480949402,-0.5069543123245239,0.8430818915367126,-0.1794721633195877,-0.016945727169513702,0.19842274487018585,0.9799700379371643
4,1648476758.9827437,-9.976117134094238,59.043514251708984,1563.30029296875,-0.13358835875988007,-0.9880734086036682,0.07658398151397705,-0.9028559327125549,0.08947224915027618,-0.4205304682254791,0.4086628258228302,-0.12532228231430054,-0.9040403962135315
410,1648476758.9827487,-41.41591262817383,-45.712440490722656,1585.62060546875,-0.13438722491264343,0.9625518918037415,0.2354440689086914,-0.8969321846961975,-0.21916155517101288,0.3840324282646179,0.42125141620635986,-0.15956830978393555,0.8927962779998779
300,1648476759.0118177,239.19400024414062,59.042144775390625,1528.750244140625,0.8617631196975708,0.4999288022518158,-0.08622965961694717,-0.5070167183876038,0.8429426550865173,-0.17994938790798187,-0.017275230959057808,0.19879361987113953,0.9798890948295593
4,1648476759.011825,-10.086018562316895,59.0643310546875,1563.402587890625,-0.13334058225154877,-0.9884498119354248,0.07202297449111938,-0.9024804830551147,0.09106792509555817,-0.4209935963153839,0.409572035074234,-0.12113486230373383,-0.9041997194290161
410,1648476759.0118308,-41.469913482666016,-45.3985595703125,1585.75341796875,-0.13380375504493713,0.9625820517539978,0.2356530725955963,-0.8971043229103088,-0.21868622303009033,0.3839011788368225,0.4210704565048218,-0.16003796458244324,0.892797589302063
300,1648476759.0420191,239.20040893554688,59.0451545715332,1528.7542724609375,0.8618154525756836,0.49981889128685,-0.08634335547685623,-0.5069326758384705,0.8430045247077942,-0.17989619076251984,-0.01712767221033573,0.19880758225917816,0.9798888564109802
4,1648476759.0420272,-9.83512020111084,59.03430938720703,1563.3023681640625,-0.13266833126544952,-0.9881467819213867,0.07723402976989746,-0.9034509658813477,0.0885123461484909,-0.41945430636405945,0.4076462388038635,-0.12542547285556793,-0.9044849276542664
410,1648476759.0420327,-41.759910583496094,-45.162933349609375,1585.473388671875,-0.1348840743303299,0.9611557126045227,0.2408028244972229,-0.8964534401893616,-0.22190304100513458,0.38357558846473694,0.42211073637008667,-0.1641302853822708,0.8915625214576721
300,1648476759.0741932,239.20188903808594,59.050777435302734,1528.75146484375,0.8617738485336304,0.49988263845443726,-0.08638998121023178,-0.5070011019706726,0.8429242968559265,-0.1800791472196579,-0.017198218032717705,0.19898730516433716,0.9798511266708374
4,1648476759.0742018,-9.799224853515625,59.07286834716797,1563.2667236328125,-0.13151365518569946,-0.988288402557373,0.07739613950252533,-0.9043204188346863,0.08762336522340775,-0.41776394844055176,0.40608957409858704,-0.12493257224559784,-0.9052530527114868
410,1648476759.074207,-41.63307189941406,-45.006744384765625,1585.4417724609375,-0.135464146733284,0.9611479043960571,0.2405080646276474,-0.8954979777336121,-0.22264359891414642,0.3853740692138672,0.42394909262657166,-0.16317011415958405,0.8908662796020508
300,1648476759.1044035,239.18894958496094,59.042686462402344,1528.7330322265625,0.8618056774139404,0.49982210993766785,-0.08642209321260452,-0.506960391998291,0.8430978059768677,-0.17938034236431122,-0.016795990988612175,0.19840358197689056,0.9799764752388
4,1648476759.104414,-10.091522216796875,59.07600021362305,1563.4088134765625,-0.13368768990039825,-0.9884799718856812,0.07095767557621002,-0.9023950695991516,0.09182282537221909,-0.4210127294063568,0.4096471071243286,-0.12031607329845428,-0.9042750000953674
410,1648476759.1044202,-41.75529098510742,-44.61952209472656,1585.43359375,-0.13542169332504272,0.960697591304779,0.24232441186904907,-0.8971462249755859,-0.222690612077713,0.3814938962459564,0.4204636216163635,-0.16573786735534668,0.8920433521270752
300,1648476759.1345696,239.1928253173828,59.04651641845703,1528.74951171875,0.8617928624153137,0.4997742474079132,-0.08682586997747421,-0.5069811940193176,0.8429297208786011,-0.18010985851287842,-0.016826162114739418,0.19923646748065948,0.9798069596290588
4,1648476759.1345785,-10.051960945129395,59.099056243896484,1563.2525634765625,-0.13213171064853668,-0.988467276096344,0.07398388534784317,-0.9038124084472656,0.08949466049671173,-0.4184660017490387,0.407018780708313,-0.1221601814031601,-0.9052141308784485
410,1648476759.1345847,-42.017303466796875,-44.52134704589844,1585.163818359375,-0.1343156397342682,0.9603510499000549,0.24430552124977112,-0.8972353935241699,-0.22251054644584656,0.38138923048973083,0.4206281006336212,-0.16797302663326263,0.8915475606918335
300,1648476759.164454,239.1962127685547,59.051815032958984,1528.7379150390625,0.8617779612541199,0.49980294704437256,-0.0868086963891983,-0.5070129036903381,0.842999279499054,-0.17969463765621185,-0.016632240265607834,0.19887001812458038,0.9798847436904907
4,1648476759.164462,-9.975972175598145,59.05231475830078,1563.10791015625,-0.13119351863861084,-0.9884516596794128,0.07583898305892944,-0.9039912819862366,0.0878799632191658,-0.4184219539165497,0.40692514181137085,-0.12345203012228012,-0.9050809741020203
410,1648476759.1644669,-42.033470153808594,-44.58269119262695,1584.968994140625,-0.13528549671173096,0.9603069424629211,0.24394352734088898,-0.8965919017791748,-0.22343875467777252,0.382358580827713,0.421688050031662,-0.1669902205467224,0.8912314176559448
300,1648476759.1947935,239.19288635253906,59.04684066772461,1528.73486328125,0.8617587685585022,0.49988406896591187,-0.08653196692466736,-0.5070371031761169,0.8429816365242004,-0.1797090470790863,-0.016888830810785294,0.19874075055122375,0.9799065589904785
4,1648476759.1948023,-10.293153762817383,59.093753814697266,1563.2474365234375,-0.1332567185163498,-0.9885187745094299,0.07122728228569031,-0.903268575668335,0.09155986458063126,-0.4191928505897522,0.4078584313392639,-0.12019763141870499,-0.9050989151000977
410,1648476759.1948073,-42.1198844909668,-44.339813232421875,1584.8988037109375,-0.13598164916038513,0.9602001905441284,0.2439766526222229,-0.8975244760513306,-0.2236672192811966,0.38002994656562805,0.41947442293167114,-0.16729791462421417,0.8922178149223328
300,1648476759.2265713,239.1898193359375,59.048851013183594,1528.7298583984375,0.8617669939994812,0.4998312294483185,-0.08675459027290344,-0.507028341293335,0.84297114610672,-0.1797829419374466,-0.016729507595300674,0.19891804456710815,0.9798732995986938
4,1648476759.226579,-10.37389850616455,59.084556579589844,1563.1842041015625,-0.13592590391635895,-0.9882813096046448,0.0694563165307045,-0.9028760194778442,0.09470835328102112,-0.41933903098106384,0.4078468382358551,-0.11970947682857513,-0.9051688313484192
