4,1648476576.145682,18.015024185180664,156.296142578125,1389.5694580078125,0.10718133300542831,-0.9911069869995117,0.07886138558387756,-0.5287361741065979,0.01035289652645588,0.8487230539321899,-0.8419917821884155,-0.13266414403915405,-0.5229244828224182
300,1648476576.1456907,239.13534545898438,59.049461364746094,1528.6534423828125,0.86200350522995,0.4997170865535736,-0.08504582941532135,-0.506582498550415,0.8432900905609131,-0.1795438528060913,-0.018002822995185852,0.19785016775131226,0.9800669550895691
4,1648476576.1741433,18.038578033447266,156.3301239013672,1389.5579833984375,0.10725759714841843,-0.9910603165626526,0.07934251427650452,-0.5282920002937317,0.010794498957693577,0.8489941358566284,-0.8422608971595764,-0.13297708332538605,-0.5224114656448364
300,1648476576.1741507,239.13726806640625,59.047340393066406,1528.6556396484375,0.8619968295097351,0.4998309016227722,-0.08444245159626007,-0.5065798759460449,0.843349039554596,-0.1792740821838379,-0.018392259255051613,0.19731053709983826,0.9801685214042664
4,1648476576.2041879,18.04970359802246,156.36170959472656,1389.52880859375,0.10811378806829453,-0.9909479022026062,0.07958441972732544,-0.5283023715019226,0.010545122437179089,0.848990797996521,-0.8421448469161987,-0.13383226096630096,-0.5223800539970398
300,1648476576.204197,239.1354522705078,59.04545211791992,1528.653076171875,0.8619892001152039,0.4998347759246826,-0.08449736982584,-0.5065934658050537,0.843329131603241,-0.17932933568954468,-0.01837593875825405,0.1973857581615448,0.9801536798477173
4,1648476576.2343173,18.00849151611328,156.3873291015625,1389.5123291015625,0.10773696005344391,-0.9910505414009094,0.07881329953670502,-0.5284846425056458,0.010055960156023502,0.848883330821991,-0.8420788049697876,-0.1331077218055725,-0.5226715803146362
300,1648476576.2343245,239.13294982910156,59.04237365722656,1528.655517578125,0.8620139360427856,0.49974650144577026,-0.08476656675338745,-0.5065584182739258,0.8433302640914917,-0.1794230192899704,-0.018179817125201225,0.19760435819625854,0.9801132678985596
4,1648476576.2645109,18.00031089782715,156.4586944580078,1389.5238037109375,0.10679423809051514,-0.9911444187164307,0.07891574501991272,-0.5271002650260925,0.010862283408641815,0.8497336506843567,-0.8430660367012024,-0.13234317302703857,-0.5212724804878235
300,1648476576.2645195,239.13494873046875,59.043060302734375,1528.662109375,0.8619853258132935,0.49992549419403076,-0.08399873226881027,-0.5065795183181763,0.8432875275611877,-0.17956416308879852,-0.018933620303869247,0.1973337084054947,0.980153501033783
4,1648476576.294666,17.96228790283203,156.52320861816406,1389.524169921875,0.1070241928100586,-0.9910570979118347,0.07969705760478973,-0.5259119272232056,0.011597566306591034,0.8504599332809448,-0.843778669834137,-0.13293342292308807,-0.5199675559997559
300,1648476576.2946746,239.1399688720703,59.04002380371094,1528.6461181640625,0.862000584602356,0.49982255697250366,-0.08445363491773605,-0.5065705180168152,0.8433159589767456,-0.17945614457130432,-0.018475130200386047,0.19747301936149597,0.9801341891288757
4,1648476576.3263507,17.881229400634766,156.4845428466797,1389.47314453125,0.10682857036590576,-0.9911101460456848,0.07929909229278564,-0.5276925563812256,0.011079592630267143,0.8493632078170776,-0.8426910638809204,-0.13258180022239685,-0.5218178033828735
300,1648476576.326359,239.138916015625,59.04231262207031,1528.6470947265625,0.8619999289512634,0.4997769594192505,-0.08472972363233566,-0.5065776109695435,0.8432807326316833,-0.1796015202999115,-0.018309753388166428,0.1977386772632599,0.9800837635993958
4,1648476576.3565903,17.80224609375,156.49163818359375,1389.4716796875,0.10565274953842163,-0.991308867931366,0.07838524878025055,-0.5274667739868164,0.01095556654036045,0.8495050072669983,-0.8429806232452393,-0.13109815120697021,-0.5217249989509583
300,1648476576.356602,239.13986206054688,59.04607391357422,1528.64208984375,0.8619792461395264,0.499864399433136,-0.08442362397909164,-0.5066098570823669,0.8433414101600647,-0.17922532558441162,-0.018390418961644173,0.1972583532333374,0.9801790118217468
4,1648476576.3868446,17.843013763427734,156.56558227539062,1389.4688720703125,0.10531008243560791,-0.9913322329521179,0.07855056971311569,-0.5263301730155945,0.011455356143414974,0.8502030968666077,-0.843733549118042,-0.1308784931898117,-0.520561695098877
300,1648476576.386853,239.1391143798828,59.04218292236328,1528.641845703125,0.8620176315307617,0.49972715973854065,-0.08484344929456711,-0.5065500736236572,0.8432825207710266,-0.17967082560062408,-0.01823939010500908,0.1978568732738495,0.9800612330436707
4,1648476576.41622,17.875141143798828,156.64401245117188,1389.466796875,0.10529248416423798,-0.9912696480751038,0.07935960590839386,-0.5253998041152954,0.012303254567086697,0.8507665395736694,-0.8443154096603394,-0.13127483427524567,-0.5195174217224121
300,1648476576.4162278,239.14576721191406,59.043399810791016,1528.6229248046875,0.8620001673698425,0.49971628189086914,-0.08508408814668655,-0.5065942406654358,0.8433407545089722,-0.1792725920677185,-0.01783055253326893,0.19763611257076263,0.9801132678985596
4,1648476576.4499936,17.799762725830078,156.58392333984375,1389.440185546875,0.1060657724738121,-0.9912042617797852,0.07914617657661438,-0.5268427729606628,0.011486204341053963,0.8498851656913757,-0.8433188796043396,-0.13184131681919098,-0.5209904909133911
300,1648476576.450002,239.14035034179688,59.0479850769043,1528.6251220703125,0.8619968295097351,0.49969905614852905,-0.08521941304206848,-0.506592869758606,0.8432106971740723,-0.1798870861530304,-0.01803148351609707,0.19823363423347473,0.9799889326095581
4,1648476576.4782908,17.693567276000977,156.5532989501953,1389.4296875,0.10475125908851624,-0.9914323091506958,0.07803276181221008,-0.5274442434310913,0.011135087348520756,0.8495166897773743,-0.8431072235107422,-0.1301458775997162,-0.5217588543891907
300,1648476576.4783018,239.13714599609375,59.04774475097656,1528.662109375,0.8619993925094604,0.49982014298439026,-0.08447999507188797,-0.5065630078315735,0.8432043790817261,-0.18000076711177826,-0.01873410865664482,0.19795499742031097,0.9800320863723755
4,1648476576.5088348,17.709871292114258,156.5979766845703,1389.4400634765625,0.10438170284032822,-0.9914753437042236,0.07798106223344803,-0.5263791680335999,0.011450634337961674,0.8501728177070618,-0.8438183665275574,-0.12979009747505188,-0.520696759223938
300,1648476576.5088437,239.138916015625,59.04188919067383,1528.6319580078125,0.8619942665100098,0.499741792678833,-0.08499404788017273,-0.506592869758606,0.8432419896125793,-0.1797405332326889,-0.018153300508856773,0.19799268245697021,0.9800353646278381
4,1648476576.5382626,17.81163787841797,156.67689514160156,1389.439697265625,0.10526715219020844,-0.991364598274231,0.07819859683513641,-0.5250412225723267,0.011375710368156433,0.8510007858276367,-0.844541609287262,-0.130639910697937,-0.5193097591400146
300,1648476576.5382705,239.14385986328125,59.04627227783203,1528.638427734375,0.8620069622993469,0.4998055696487427,-0.08448921144008636,-0.5065585970878601,0.8432974815368652,-0.17957650125026703,-0.018503790721297264,0.19759492576122284,0.9801090955734253
4,1648476576.5690012,17.792783737182617,156.6375732421875,1389.4046630859375,0.10576193779706955,-0.9913936853408813,0.07715559750795364,-0.5260649919509888,0.010060888715088367,0.8503848910331726,-0.8438424468040466,-0.13052721321582794,-0.5204734206199646
300,1648476576.5690093,239.1416015625,59.04794692993164,1528.6341552734375,0.8620244860649109,0.499778151512146,-0.08447254449129105,-0.5065327286720276,0.8433606624603271,-0.1793527454137802,-0.018395766615867615,0.19739456474781036,0.9801515340805054
4,1648476576.5982769,17.76105308532715,156.58352661132812,1389.3897705078125,0.10586836189031601,-0.9914964437484741,0.07567453384399414,-0.526899516582489,0.008605772629380226,0.849884033203125,-0.8433082699775696,-0.12984870374202728,-0.5215079188346863
300,1648476576.5982852,239.13885498046875,59.04105758666992,1528.6365966796875,0.8620180487632751,0.4997543394565582,-0.08467862755060196,-0.5065506100654602,0.8433564901351929,-0.17932185530662537,-0.018202606588602066,0.1974726915359497,0.9801393747329712
4,1648476576.6304011,17.756982803344727,156.59774780273438,1389.354736328125,0.10623732209205627,-0.9915698170661926,0.07418202608823776,-0.5259440541267395,0.007277387659996748,0.850488007068634,-0.8438580632209778,-0.12936916947364807,-0.5207371115684509
300,1648476576.6304088,239.13638305664062,59.038997650146484,1528.6259765625,0.8620063662528992,0.4997254014015198,-0.08496800065040588,-0.5065734386444092,0.8432739973068237,-0.17964492738246918,-0.01812182553112507,0.19789759814739227,0.9800551533699036
4,1648476576.6605601,17.818145751953125,156.6995849609375,1389.3074951171875,0.10768183320760727,-0.9913557171821594,0.07495620846748352,-0.5245618224143982,0.007391349878162146,0.8513402342796326,-0.8445350527763367,-0.1309930384159088,-0.5192314982414246
300,1648476576.6605692,239.14007568359375,59.04896926879883,1528.631103515625,0.8619991540908813,0.4998266100883484,-0.08444418758153915,-0.5065680742263794,0.8432666659355164,-0.17969436943531036,-0.01860705576837063,0.19767312705516815,0.980091392993927
4,1648476576.6904562,17.62896156311035,156.5756072998047,1389.2733154296875,0.10578516870737076,-0.9918445944786072,0.07109019160270691,-0.5263761281967163,0.004799960646778345,0.8502382636070251,-0.843645453453064,-0.12736278772354126,-0.5215755701065063
300,1648476576.6904652,239.1414031982422,59.04630661010742,1528.6318359375,0.8620069026947021,0.4997063875198364,-0.08507426828145981,-0.5065747499465942,0.8432603478431702,-0.1797053962945938,-0.01806018128991127,0.19800376892089844,0.9800348877906799
4,1648476576.7227561,17.45714569091797,156.51783752441406,1389.213134765625,0.1058492437005043,-0.9920793771743774,0.0676344633102417,-0.5263065695762634,0.0018143276683986187,0.850292980670929,-0.8436808586120605,-0.12559932470321655,-0.5219458341598511
300,1648476576.7227645,239.13739013671875,59.04172897338867,1528.63818359375,0.8619991540908813,0.49979549646377563,-0.08462808281183243,-0.5065796971321106,0.843325138092041,-0.17938712239265442,-0.018287891522049904,0.19750241935253143,0.9801318049430847
4,1648476576.7532887,17.658903121948242,156.6791229248047,1389.21044921875,0.10666343569755554,-0.9918177127838135,0.07014649361371994,-0.524944007396698,0.0037419728469103575,0.8511285781860352,-0.8444268703460693,-0.12760727107524872,-0.520249605178833
300,1648476576.753297,239.13719177246094,59.04404830932617,1528.6494140625,0.8620284795761108,0.49975067377090454,-0.08459384739398956,-0.5065323710441589,0.843390703201294,-0.17921246588230133,-0.018215885385870934,0.19733577966690063,0.9801667332649231
4,1648476576.7820337,17.713916778564453,156.74317932128906,1389.224365234375,0.10713563859462738,-0.991734504699707,0.07060196995735168,-0.5238078832626343,0.004055676516145468,0.8518267869949341,-0.845072329044342,-0.1282428801059723,-0.5190438628196716
300,1648476576.7820415,239.13754272460938,59.05171203613281,1528.627685546875,0.862026035785675,0.4997541904449463,-0.08459844440221786,-0.5065405368804932,0.8434295058250427,-0.17900672554969788,-0.01810653880238533,0.197161003947258,0.9802039265632629
4,1648476576.8123689,17.615196228027344,156.66390991210938,1389.17724609375,0.10734660178422928,-0.9918738007545471,0.06828654557466507,-0.5257584452629089,0.0016618598019704223,0.8506323099136353,-0.8438333868980408,-0.127214714884758,-0.521307647228241
300,1648476576.8123767,239.1412353515625,59.04279327392578,1528.6448974609375,0.8620243072509766,0.4996914267539978,-0.08498557657003403,-0.506552517414093,0.8433893322944641,-0.17916205525398254,-0.017849812284111977,0.19749170541763306,0.9801420569419861
4,1648476576.8421223,17.722187042236328,156.74513244628906,1389.1671142578125,0.1082472875714302,-0.9916748404502869,0.06973926723003387,-0.5253875851631165,0.0024872401263564825,0.8508594036102295,-0.8439493179321289,-0.12874336540699005,-0.5207443833351135
300,1648476576.842131,239.13763427734375,59.04104995727539,1528.6470947265625,0.8620068430900574,0.4998008906841278,-0.08451811224222183,-0.5065571069717407,0.843268632888794,-0.1797162890434265,-0.01855088584125042,0.1977299153804779,0.9800809621810913
4,1648476576.8741906,17.71111488342285,156.75599670410156,1389.197509765625,0.10597856342792511,-0.9919227361679077,0.06969798356294632,-0.5243582129478455,0.0038071025628596544,0.851489245891571,-0.8448769450187683,-0.12678632140159607,-0.5197193622589111
300,1648476576.8741984,239.1350555419922,59.045021057128906,1528.6456298828125,0.8620200157165527,0.49976393580436707,-0.08460189402103424,-0.5065452456474304,0.8433635830879211,-0.17930373549461365,-0.018259385600686073,0.19741809368133545,0.9801493287086487
4,1648476576.904115,17.57047462463379,156.74632263183594,1389.1966552734375,0.10474183410406113,-0.9921344518661499,0.06854455918073654,-0.5232924818992615,0.003627853700891137,0.8521454334259033,-0.8456915020942688,-0.12512412667274475,-0.5187965035438538
300,1648476576.9041226,239.1363525390625,59.04323196411133,1528.6251220703125,0.861991822719574,0.499728798866272,-0.08509556204080582,-0.5066030621528625,0.8432687520980835,-0.17958620190620422,-0.017985975369811058,0.19791151583194733,0.9800548553466797
4,1648476576.9344604,17.495990753173828,156.72357177734375,1389.1767578125,0.10497827082872391,-0.9921176433563232,0.06842632591724396,-0.5242512822151184,0.0032596499659121037,0.8515573740005493,-0.8450681567192078,-0.1252676099538803,-0.5197767019271851
300,1648476576.9344683,239.1366424560547,59.03744125366211,1528.636962890625,0.8620012402534485,0.4997785687446594,-0.08470679074525833,-0.506580650806427,0.843346893787384,-0.17928211390972137,-0.01816415600478649,0.19745223224163055,0.980144202709198
4,1648476576.965579,17.52092742919922,156.77076721191406,1389.1510009765625,0.1075318232178688,-0.991723895072937,0.07014688104391098,-0.5245125889778137,0.0033486983738839626,0.8513960838317871,-0.8445847630500793,-0.12834510207176208,-0.5198115706443787
300,1648476576.9655874,239.13186645507812,59.043853759765625,1528.6351318359375,0.8620011210441589,0.49973759055137634,-0.08494936674833298,-0.5065729022026062,0.8431743383407593,-0.1801135540008545,-0.01838238537311554,0.1982911378145218,0.9799707531929016
4,1648476576.9940782,17.426456451416016,156.7779083251953,1389.130615234375,0.10666875541210175,-0.9918767809867859,0.06929810345172882,-0.5251591205596924,0.0029787293169647455,0.8509988188743591,-0.844292402267456,-0.12716752290725708,-0.5205754041671753
300,1648476576.994087,239.13165283203125,59.04600524902344,1528.63037109375,0.8620103001594543,0.4998010993003845,-0.08448120206594467,-0.5065585374832153,0.8433640599250793,-0.1792638748884201,-0.01834787055850029,0.19732198119163513,0.980167031288147
4,1648476577.0266294,17.35243797302246,156.88693237304688,1389.1256103515625,0.10378190875053406,-0.9922337532043457,0.06856770813465118,-0.5225731730461121,0.004259160254150629,0.8525838255882263,-0.8462544679641724,-0.12431441992521286,-0.5180726647377014
300,1648476577.026638,239.13209533691406,59.04222106933594,1528.633056640625,0.8620021939277649,0.4997929334640503,-0.08461214601993561,-0.5065701007843018,0.843285858631134,-0.1795986145734787,-0.018409885466098785,0.1976763904094696,0.9800944328308105
4,1648476577.0561697,17.298049926757812,156.93411254882812,1389.11474609375,0.10274923592805862,-0.9923465251922607,0.06849093735218048,-0.5218693017959595,0.004838930908590555,0.8530117273330688,-0.8468146324157715,-0.12338962405920029,-0.5173779726028442
300,1648476577.0561774,239.1310577392578,59.04218673706055,1528.629150390625,0.8620081543922424,0.4998016953468323,-0.08449949324131012,-0.5065629482269287,0.843363881111145,-0.17925205826759338,-0.018326662480831146,0.1973210573196411,0.9801676273345947
4,1648476577.0861034,17.135421752929688,156.8463897705078,1389.0877685546875,0.10215569287538528,-0.9924838542938232,0.06737995147705078,-0.5239509344100952,0.003894869703799486,0.8517395257949829,-0.8456001281738281,-0.12231382727622986,-0.5196149945259094
300,1648476577.0861151,239.12547302246094,59.04853820800781,1528.635009765625,0.8620173335075378,0.4996941089630127,-0.08504068851470947,-0.506554126739502,0.8432504534721375,-0.17980973422527313,-0.01813925802707672,0.19807681441307068,0.9800186157226562
4,1648476577.1161163,17.125375747680664,156.91224670410156,1389.06201171875,0.10306031256914139,-0.9923306703567505,0.06825263053178787,-0.5238738059997559,0.004178055562078953,0.8517856597900391,-0.8455381989479065,-0.12354106456041336,-0.5194254517555237
300,1648476577.116124,239.12770080566406,59.04450988769531,1528.6268310546875,0.862008810043335,0.49977460503578186,-0.08465337008237839,-0.5065601468086243,0.8432900905609131,-0.1796070635318756,-0.0183757022023201,0.19770489633083344,0.9800893664360046
4,1648476577.1498172,17.152803421020508,157.02410888671875,1389.0723876953125,0.1029646098613739,-0.9923719167709351,0.06779539585113525,-0.521799623966217,0.004138081334531307,0.8530580401420593,-0.8468314409255981,-0.12321040034294128,-0.5173932313919067
300,1648476577.1498253,239.12640380859375,59.04265594482422,1528.6380615234375,0.8619940280914307,0.49978286027908325,-0.0847545862197876,-0.5065895915031433,0.8432880640029907,-0.17953352630138397,-0.018255246803164482,0.1976926177740097,0.9800940752029419
4,1648476577.1783967,17.128690719604492,157.03062438964844,1389.0616455078125,0.10306344926357269,-0.9924260973930359,0.06684605032205582,-0.5220222473144531,0.0032378286123275757,0.852925717830658,-0.8466821908950806,-0.12280059605836868,-0.5177347660064697
300,1648476577.178405,239.1259002685547,59.04645919799805,1528.64013671875,0.862007200717926,0.4997844398021698,-0.08461161702871323,-0.5065629482269287,0.8433047533035278,-0.17953000962734222,-0.018372919410467148,0.1976172775030136,0.9801070690155029
4,1648476577.2086806,17.21770477294922,157.1277313232422,1389.03759765625,0.10393249243497849,-0.9922584891319275,0.06797919422388077,-0.5209773182868958,0.003908214624971151,0.8535615801811218,-0.8472194075584412,-0.12412840127944946,-0.5165379643440247
300,1648476577.208689,239.1243896484375,59.050025939941406,1528.6361083984375,0.862014889717102,0.4997682571411133,-0.08462852239608765,-0.5065509676933289,0.8433178067207336,-0.17950253188610077,-0.018340928480029106,0.1976025104522705,0.9801106452941895
4,1648476577.2383819,17.263330459594727,157.2098846435547,1389.0196533203125,0.10456201434135437,-0.9921456575393677,0.06865717470645905,-0.5205847024917603,0.004219226539134979,0.85379958152771,-0.8473832607269287,-0.12501688301563263,-0.5160546898841858
300,1648476577.238392,239.12648010253906,59.04719924926758,1528.6226806640625,0.8619781136512756,0.49974310398101807,-0.08515046536922455,-0.5066211819648743,0.8431804776191711,-0.17994916439056396,-0.01813114434480667,0.19825127720832825,0.9799835085868835
4,1648476577.268104,17.25681495666504,157.2281036376953,1389.0098876953125,0.1046241745352745,-0.9921214580535889,0.06891191750764847,-0.5201098322868347,0.004476021509617567,0.8540876507759094,-0.8476671576499939,-0.12519998848438263,-0.5155437588691711
300,1648476577.2681127,239.1211395263672,59.048583984375,1528.6143798828125,0.8620113730430603,0.499751478433609,-0.08476333320140839,-0.5065544843673706,0.8432393670082092,-0.17986077070236206,-0.01840990222990513,0.19797927141189575,0.980033278465271
4,1648476577.2979145,17.223312377929688,157.20750427246094,1388.99169921875,0.10432246327400208,-0.9922623634338379,0.0673217698931694,-0.5207809209823608,0.0031669139862060547,0.8536844849586487,-0.8472921848297119,-0.12411835789680481,-0.5164209008216858
300,1648476577.2979224,239.1218719482422,59.05683135986328,1528.6207275390625,0.862008810043335,0.4997676908969879,-0.08469372242689133,-0.5065624117851257,0.8433005809783936,-0.17955128848552704,-0.018311668187379837,0.19767744839191437,0.9800960421562195
4,1648476577.3320806,17.246248245239258,157.22520446777344,1388.994140625,0.10414627939462662,-0.9922718405723572,0.06745442748069763,-0.5202242732048035,0.003454890800639987,0.8540226817131042,-0.8476557731628418,-0.12403471767902374,-0.5158441066741943
300,1648476577.332115,239.12936401367188,59.054283142089844,1528.6180419921875,0.8619765043258667,0.4998379945755005,-0.08460777997970581,-0.5066191554069519,0.8433223962783813,-0.17928852140903473,-0.018263574689626694,0.19740641117095947,0.9801515936851501
4,1648476577.366646,17.37039566040039,157.33921813964844,1388.95849609375,0.10416635870933533,-0.9921911358833313,0.06860145926475525,-0.5201303958892822,0.004445432219654322,0.8540753126144409,-0.8477108478546143,-0.12464761734008789,-0.5156056880950928
300,1648476577.3666546,239.12696838378906,59.049076080322266,1528.609375,0.8620229363441467,0.4997372031211853,-0.08473007380962372,-0.506542444229126,0.8433436751365662,-0.17940492928028107,-0.01819874905049801,0.1975705474615097,0.9801197052001953
4,1648476577.390254,17.476865768432617,157.40367126464844,1388.96875,0.10662281513214111,-0.9919425845146179,0.06842107325792313,-0.5197991728782654,0.003053107764571905,0.8542830348014832,-0.8476086258888245,-0.12665127217769623,-0.5152854323387146
300,1648476577.3902647,239.13014221191406,59.05436325073242,1528.6029052734375,0.8620254397392273,0.49970629811286926,-0.08488701283931732,-0.5065442323684692,0.8433547616004944,-0.17934803664684296,-0.018031476065516472,0.1976015865802765,0.9801165461540222
4,1648476577.4221227,17.452613830566406,157.41439819335938,1388.9744873046875,0.10507382452487946,-0.9921920895576477,0.06718919426202774,-0.5193290710449219,0.002872372744604945,0.8545695543289185,-0.8480901122093201,-0.12468618899583817,-0.5149723291397095
300,1648476577.4221342,239.13735961914062,59.05265808105469,1528.626953125,0.8619990348815918,0.4997275471687317,-0.08502953499555588,-0.5065861940383911,0.8432490229606628,-0.17972618341445923,-0.01811305060982704,0.19799858331680298,0.9800349473953247
4,1648476577.4535103,17.44561195373535,157.41114807128906,1388.9486083984375,0.10521650314331055,-0.9921931624412537,0.06694946438074112,-0.5203345417976379,0.002443397417664528,0.8539590239524841,-0.8474558591842651,-0.12468670308589935,-0.5160152316093445
300,1648476577.4535186,239.1439208984375,59.04572677612305,1528.619140625,0.8619887828826904,0.4997878074645996,-0.08477917313575745,-0.5066094994544983,0.8433942198753357,-0.17897751927375793,-0.017948513850569725,0.19722655415534973,0.9801936149597168
4,1648476577.4838595,17.512428283691406,157.5358123779297,1388.960205078125,0.10597538948059082,-0.9921128153800964,0.0669427141547203,-0.5185247659683228,0.0023073386400938034,0.8550595045089722,-0.8484699726104736,-0.1253267228603363,-0.5141905546188354
300,1648476577.4838789,239.1417999267578,59.0489387512207,1528.6251220703125,0.8620046973228455,0.4998212456703186,-0.08441928774118423,-0.5065593123435974,0.8432876467704773,-0.1796206533908844,-0.0185884777456522,0.19759723544120789,0.9801070094108582
4,1648476577.5122318,17.59319305419922,157.6142120361328,1388.978515625,0.1058950126171112,-0.9920340776443481,0.06822526454925537,-0.5169217586517334,0.00369248422794044,0.8560246825218201,-0.8494575619697571,-0.12591587007045746,-0.512412965297699
300,1648476577.5122411,239.1404571533203,59.05294418334961,1528.63671875,0.8619943857192993,0.49985289573669434,-0.08433713018894196,-0.5065754055976868,0.8432924151420593,-0.17955313622951508,-0.018629293888807297,0.1974969208240509,0.9801265001296997
4,1648476577.5425467,17.561670303344727,157.5580596923828,1388.961181640625,0.10608591139316559,-0.9920538663864136,0.06763763725757599,-0.518169641494751,0.0029011957813054323,0.8552729487419128,-0.8486731052398682,-0.12578018009662628,-0.5137444138526917
300,1648476577.5425544,239.1405792236328,59.047019958496094,1528.6297607421875,0.8619937300682068,0.4997595250606537,-0.08489521592855453,-0.5065928101539612,0.843267023563385,-0.17962312698364258,-0.01817903481423855,0.1978413164615631,0.9800654649734497
4,1648476577.574772,17.56870460510254,157.4949493408203,1388.9566650390625,0.10779882967472076,-0.991886556148529,0.06738325208425522,-0.5194081664085388,0.0016020644688978791,0.8545247912406921,-0.8476995825767517,-0.12711618840694427,-0.5150212645530701
300,1648476577.5747805,239.13922119140625,59.03900146484375,1528.633544921875,0.8619930744171143,0.4997674524784088,-0.08485513925552368,-0.5066015124320984,0.843363344669342,-0.17914587259292603,-0.017967568710446358,0.19741025567054749,0.9801563024520874
4,1648476577.6045642,17.642484664916992,157.51576232910156,1388.96337890625,0.10744292289018631,-0.991943359375,0.06711497902870178,-0.5190019607543945,0.0016179255908355117,0.8547715544700623,-0.8479934930801392,-0.1266719549894333,-0.5146466493606567
300,1648476577.604573,239.13526916503906,59.048057556152344,1528.6005859375,0.8620011806488037,0.4996931850910187,-0.08521001040935516,-0.5065993070602417,0.8433710336685181,-0.17911562323570251,-0.017639193683862686,0.1975651979446411,0.9801310300827026
4,1648476577.634203,17.686227798461914,157.62118530273438,1388.9827880859375,0.10702209174633026,-0.9919702410697937,0.06738901883363724,-0.516560971736908,0.002437783405184746,0.8562469482421875,-0.8495357632637024,-0.1264478713274002,-0.5121521949768066
300,1648476577.6342108,239.1338653564453,59.052520751953125,1528.6097412109375,0.8620204925537109,0.4997389018535614,-0.08474498987197876,-0.5065402984619141,0.8432675004005432,-0.17976894974708557,-0.018374841660261154,0.19789128005504608,0.9800517559051514
4,1648476577.6647918,17.689197540283203,157.67337036132812,1388.9852294921875,0.10766211152076721,-0.9918094873428345,0.06872247904539108,-0.5158692598342896,0.0033597915899008512,0.8566607236862183,-0.8498751521110535,-0.12768171727657318,-0.5112823247909546
300,1648476577.6647995,239.1343994140625,59.04438781738281,1528.6219482421875,0.8620007038116455,0.4996808171272278,-0.08528730273246765,-0.506586492061615,0.843191385269165,-0.17999550700187683,-0.01802678033709526,0.19836165010929108,0.9799631237983704
300,1648476577.6944947,239.13377380371094,59.045745849609375,1528.6162109375,0.8619921803474426,0.49974292516708374,-0.08500844240188599,-0.5066030025482178,0.8433072566986084,-0.17940527200698853,-0.017968278378248215,0.19771148264408112,0.9800955653190613
300,1648476577.7260263,239.1304168701172,59.057289123535156,1528.626220703125,0.8620246052742004,0.4997701644897461,-0.08451810479164124,-0.5065279006958008,0.8432955145835876,-0.17967255413532257,-0.018521245568990707,0.19769293069839478,0.980089008808136
300,1648476577.7563353,239.13446044921875,59.05297088623047,1528.6396484375,0.8620226383209229,0.4997599422931671,-0.08459878712892532,-0.5065420269966125,0.8433803915977478,-0.17923365533351898,-0.018224848434329033,0.19735631346702576,0.9801623821258545
300,1648476577.7860475,239.1363983154297,59.04221725463867,1528.63037109375,0.8620014190673828,0.49979373812675476,-0.08461523801088333,-0.5065794587135315,0.8433711528778076,-0.1791711151599884,-0.018186544999480247,0.19731009006500244,0.9801723957061768
300,1648476577.8164184,239.13458251953125,59.04717254638672,1528.6153564453125,0.8620001077651978,0.4997842311859131,-0.08468508720397949,-0.5065786838531494,0.8433117866516113,-0.17945250868797302,-0.01827159896492958,0.1975877434015274,0.9801148772239685
300,1648476577.8494647,239.1293487548828,59.05405807495117,1528.592041015625,0.8620177507400513,0.49972105026245117,-0.08487772196531296,-0.5065531134605408,0.8433068990707397,-0.17954766750335693,-0.01814577914774418,0.19776834547519684,0.9800808429718018
300,1648476577.877944,239.130859375,59.0461540222168,1528.6138916015625,0.8619990944862366,0.49989405274391174,-0.08404435962438583,-0.5065640807151794,0.843367338180542,-0.1792326122522354,-0.018717048689723015,0.19707222282886505,0.9802103042602539
300,1648476577.908223,239.135986328125,59.04582595825195,1528.610107421875,0.8619847893714905,0.49980905652046204,-0.08469457924365997,-0.5066006779670715,0.8432509899139404,-0.17967624962329865,-0.018385024741292,0.19778451323509216,0.980073094367981
300,1648476577.9386873,239.13206481933594,59.051361083984375,1528.6240234375,0.8620066046714783,0.4998219907283783,-0.08439527451992035,-0.5065551996231079,0.843288779258728,-0.17962691187858582,-0.018611885607242584,0.19759045541286469,0.9801079630851746
300,1648476577.9683943,239.12562561035156,59.047847747802734,1528.620361328125,0.8620185852050781,0.4998067021369934,-0.08436356484889984,-0.5065397620201111,0.8433625102043152,-0.17932413518428802,-0.018478335812687874,0.19731423258781433,0.9801661372184753
300,1648476577.9980514,239.1243896484375,59.042335510253906,1528.620361328125,0.8619922995567322,0.4998171329498291,-0.0845702514052391,-0.506584882736206,0.8432695865631104,-0.17963361740112305,-0.01846844144165516,0.19768479466438293,0.9800916314125061
300,1648476578.0301807,239.1311492919922,59.047489166259766,1528.630126953125,0.8619948625564575,0.4998067617416382,-0.08460550010204315,-0.5065782070159912,0.843234658241272,-0.17981596291065216,-0.018530944362282753,0.1978597342967987,0.9800551533699036
300,1648476578.0603623,239.1295623779297,59.049625396728516,1528.621337890625,0.8620071411132812,0.4997989237308502,-0.08452621847391129,-0.5065523386001587,0.8432217240333557,-0.1799495369195938,-0.01866423711180687,0.19793474674224854,0.98003751039505
300,1648476578.0902364,239.12777709960938,59.041015625,1528.6212158203125,0.8619942665100098,0.4998011291027069,-0.08464463800191879,-0.5065808892250061,0.843238353729248,-0.17979119718074799,-0.01848423480987549,0.19785833358764648,0.9800563454627991
300,1648476578.122741,239.12928771972656,59.046897888183594,1528.6151123046875,0.8620103001594543,0.49976804852485657,-0.08467670530080795,-0.5065619945526123,0.8433303833007812,-0.1794123500585556,-0.018254127353429794,0.19754929840564728,0.980122983455658
300,1648476578.1528049,239.1349639892578,59.048805236816406,1528.6375732421875,0.8620024919509888,0.49983346462249756,-0.08436957001686096,-0.5065596103668213,0.8432666063308716,-0.1797187477350235,-0.018683403730392456,0.19765622913837433,0.9800933599472046
300,1648476578.181989,239.12921142578125,59.045166015625,1528.61474609375,0.8620215058326721,0.49975427985191345,-0.0846441239118576,-0.5065435171127319,0.843358039855957,-0.1793346405029297,-0.018237952142953873,0.19746623933315277,0.9801400303840637
300,1648476578.2122798,239.12423706054688,59.047149658203125,1528.6112060546875,0.8620158433914185,0.4997510015964508,-0.08472077548503876,-0.5065577626228333,0.8433764576911926,-0.17920753359794617,-0.01810763031244278,0.1973956972360611,0.980156660079956
300,1648476578.2428343,239.128662109375,59.05280685424805,1528.595458984375,0.861989438533783,0.4997817575931549,-0.08480802178382874,-0.5066050291061401,0.8433473706245422,-0.17921088635921478,-0.01804370805621147,0.19744205474853516,0.9801484942436218
300,1648476578.274505,239.13275146484375,59.04746627807617,1528.6168212890625,0.8619835376739502,0.49974215030670166,-0.08510074019432068,-0.506616473197937,0.8432533740997314,-0.17962028086185455,-0.018002331256866455,0.19794316589832306,0.9800481796264648
300,1648476578.304709,239.122802734375,59.04692459106445,1528.635986328125,0.8620173931121826,0.4997728168964386,-0.0845760703086853,-0.5065435171127319,0.843304455280304,-0.17958638072013855,-0.018429014831781387,0.1976480484008789,0.9800997972488403
300,1648476578.33409,239.12315368652344,59.049842834472656,1528.6363525390625,0.862048864364624,0.4997548460960388,-0.0843614712357521,-0.5064800381660461,0.8433027863502502,-0.1797730028629303,-0.018700160086154938,0.19770051538944244,0.9800840616226196
300,1648476578.3647227,239.13381958007812,59.05472946166992,1528.6378173828125,0.861980676651001,0.49973970651626587,-0.08514440804719925,-0.5066247582435608,0.843271791934967,-0.17951053380966187,-0.017908664420247078,0.1978708654642105,0.9800645112991333
300,1648476578.39408,239.13047790527344,59.0440673828125,1528.6387939453125,0.8619812726974487,0.4997723400592804,-0.0849463939666748,-0.5066166520118713,0.8432658910751343,-0.1795610636472702,-0.018107255920767784,0.19781354069709778,0.9800724387168884
300,1648476578.4268184,239.1218719482422,59.045738220214844,1528.626220703125,0.8619943261146545,0.4996976852416992,-0.08525248616933823,-0.506597101688385,0.84319669008255,-0.17994073033332825,-0.018031351268291473,0.19829656183719635,0.9799761772155762
300,1648476578.4558508,239.1207275390625,59.05419158935547,1528.615234375,0.8619942665100098,0.4997333288192749,-0.08504413068294525,-0.5065903067588806,0.843195915222168,-0.17996345460414886,-0.018224874511361122,0.1982100009918213,0.9799901247024536
300,1648476578.4863088,239.1282958984375,59.05188751220703,1528.610595703125,0.862010657787323,0.49974584579467773,-0.08480408042669296,-0.5065637826919556,0.8433113098144531,-0.17949682474136353,-0.018186550587415695,0.19768685102462769,0.9800965189933777
300,1648476578.5161748,239.1240692138672,59.042518615722656,1528.6229248046875,0.861997127532959,0.49979260563850403,-0.08466590195894241,-0.5065814852714539,0.8432919383049011,-0.1795378178358078,-0.018333595246076584,0.19765126705169678,0.9801009297370911
300,1648476578.549965,239.11477661132812,59.046348571777344,1528.60546875,0.8619903326034546,0.49987369775772095,-0.08425541967153549,-0.5065838694572449,0.8433347940444946,-0.17932982742786407,-0.01858673058450222,0.19726300239562988,0.9801743626594543
300,1648476578.5787547,239.1204376220703,59.051063537597656,1528.5992431640625,0.8619936108589172,0.49978315830230713,-0.08475722372531891,-0.5065913796424866,0.8432983160018921,-0.17948026955127716,-0.018225595355033875,0.19764812290668488,0.980103611946106
300,1648476578.6083982,239.133056640625,59.04576873779297,1528.622802734375,0.8619800209999084,0.4998204708099365,-0.08467576652765274,-0.5066145658493042,0.8433157801628113,-0.1793326884508133,-0.018225740641355515,0.19747917354106903,0.9801376461982727
300,1648476578.638518,239.1302032470703,59.04209518432617,1528.621826171875,0.8620159029960632,0.4997375011444092,-0.08479981869459152,-0.5065472722053528,0.8432356119155884,-0.17989861965179443,-0.01839585416018963,0.19803059101104736,0.980023205280304
300,1648476578.6688435,239.12757873535156,59.05441665649414,1528.6199951171875,0.8619887828826904,0.49983465671539307,-0.0845024511218071,-0.5065926313400269,0.8433102965354919,-0.17942020297050476,-0.018418651074171066,0.19746652245521545,0.9801365733146667
300,1648476578.6986105,239.1265411376953,59.05409240722656,1528.6094970703125,0.862029492855072,0.49970701336860657,-0.0848415344953537,-0.5065279006958008,0.8432722687721252,-0.17978128790855408,-0.018293457105755806,0.19795137643814087,0.9800411462783813
300,1648476578.730025,239.13238525390625,59.044776916503906,1528.6180419921875,0.8619955778121948,0.4998174011707306,-0.08453506976366043,-0.506589412689209,0.8433945775032043,-0.17903277277946472,-0.018187271431088448,0.19715002179145813,0.9802046418190002
300,1648476578.7607374,239.12718200683594,59.048797607421875,1528.6156005859375,0.8619959950447083,0.499737948179245,-0.08499938249588013,-0.5065963864326477,0.8433122634887695,-0.17940059304237366,-0.017972256988286972,0.19770297408103943,0.980097234249115
300,1648476578.790806,239.12449645996094,59.05387878417969,1528.62255859375,0.8620040416717529,0.49976518750190735,-0.08475727587938309,-0.5065662264823914,0.8432270884513855,-0.1798851639032364,-0.01843070797622204,0.19799689948558807,0.9800293445587158
300,1648476578.8228374,239.12454223632812,59.05014419555664,1528.6104736328125,0.8620191216468811,0.49978914856910706,-0.08446221798658371,-0.506540060043335,0.8433405756950378,-0.17942649126052856,-0.018445001915097237,0.19745256006717682,0.980138897895813
300,1648476578.852844,239.126953125,59.044281005859375,1528.61669921875,0.8620061874389648,0.49977195262908936,-0.08469529449939728,-0.5065736770629883,0.8433719873428345,-0.17918354272842407,-0.018121272325515747,0.19736173748970032,0.9801632165908813
300,1648476578.8824625,239.12037658691406,59.05237579345703,1528.6279296875,0.8620188236236572,0.4996892809867859,-0.08505399525165558,-0.5065516233444214,0.8432468771934509,-0.17983375489711761,-0.018139483407139778,0.19810430705547333,0.9800130724906921
300,1648476578.9124408,239.12086486816406,59.047481536865234,1528.6202392578125,0.8620216250419617,0.49972003698349,-0.08484480530023575,-0.5065497159957886,0.8433559536933899,-0.17932665348052979,-0.01805875264108181,0.19756156206130981,0.9801241159439087
300,1648476578.9419289,239.1239471435547,59.0458869934082,1528.62060546875,0.862005352973938,0.4996924102306366,-0.08517180383205414,-0.5065742135047913,0.84319007396698,-0.18003636598587036,-0.018146784976124763,0.19833815097808838,0.9799656271934509
300,1648476578.9742846,239.12777709960938,59.043636322021484,1528.6258544921875,0.8620160818099976,0.49967145919799805,-0.08518612384796143,-0.5065643191337585,0.8432862162590027,-0.17961326241493225,-0.017911333590745926,0.19798177480697632,0.980042040348053
300,1648476579.0046031,239.12362670898438,59.050113677978516,1528.6124267578125,0.8620044589042664,0.49974191188812256,-0.08489016443490982,-0.5065787434577942,0.8433229923248291,-0.17939986288547516,-0.018063805997371674,0.19764703512191772,0.9801068305969238
300,1648476579.0341346,239.1248016357422,59.04536437988281,1528.6201171875,0.8620082139968872,0.499765008687973,-0.0847155749797821,-0.5065518617630005,0.8431687355041504,-0.18019895255565643,-0.01862761378288269,0.1982458233833313,0.9799752831459045
300,1648476579.0640404,239.12490844726562,59.04570388793945,1528.614990234375,0.8620253801345825,0.49976053833961487,-0.08456746488809586,-0.506525993347168,0.843271791934967,-0.1797889918088913,-0.018538082018494606,0.19781829416751862,0.9800633788108826
300,1648476579.0945988,239.12619018554688,59.04787826538086,1528.6297607421875,0.8620205521583557,0.4997876286506653,-0.08445640653371811,-0.5065385103225708,0.8433539867401123,-0.17936760187149048,-0.018419060856103897,0.19739899039268494,0.9801501631736755
300,1648476579.1260207,239.1283416748047,59.051109313964844,1528.6168212890625,0.8620315790176392,0.4996677339076996,-0.08505120873451233,-0.5065273642539978,0.8432316184043884,-0.1799735426902771,-0.018209105357527733,0.19822365045547485,0.9799876809120178
300,1648476579.1565943,239.1306610107422,59.0468864440918,1528.6180419921875,0.8619953393936157,0.4998427629470825,-0.08438777178525925,-0.5065794587135315,0.8433351516723633,-0.17934080958366394,-0.01847502775490284,0.19734004139900208,0.9801610112190247
300,1648476579.1866045,239.13043212890625,59.05076217651367,1528.5830078125,0.8620117902755737,0.4997774660587311,-0.08460584282875061,-0.5065516233444214,0.8432735800743103,-0.17970822751522064,-0.018468249589204788,0.19776785373687744,0.9800748825073242
300,1648476579.215833,239.1279754638672,59.049407958984375,1528.5728759765625,0.8620067238807678,0.4998461902141571,-0.08425101637840271,-0.5065548419952393,0.8433382511138916,-0.17939549684524536,-0.01861804910004139,0.19731788337230682,0.9801627397537231
300,1648476579.2506578,239.12875366210938,59.04782485961914,1528.56884765625,0.8619896769523621,0.4997744858264923,-0.08484818786382675,-0.5065949559211731,0.8432289958000183,-0.179795503616333,-0.018310755491256714,0.19796553254127502,0.9800379276275635
300,1648476579.2787602,239.1287078857422,59.04640197753906,1528.57177734375,0.861976683139801,0.49986252188682556,-0.0844610333442688,-0.5066139698028564,0.8433229923248291,-0.17930038273334503,-0.018397606909275055,0.1973418891429901,0.9801620841026306
300,1648476579.309546,239.12648010253906,59.05064010620117,1528.5965576171875,0.8619858026504517,0.49993187189102173,-0.08395571261644363,-0.5065776109695435,0.843292236328125,-0.17954741418361664,-0.018962278962135315,0.19729740917682648,0.9801602959632874
300,1648476579.3380086,239.12071228027344,59.05083084106445,1528.5889892578125,0.8620113730430603,0.4997129738330841,-0.08499054610729218,-0.5065653324127197,0.8432742953300476,-0.1796664297580719,-0.018111297860741615,0.19792775809764862,0.9800492525100708
300,1648476579.3683941,239.12057495117188,59.04897689819336,1528.5894775390625,0.8619946241378784,0.49975645542144775,-0.08490460366010666,-0.506588339805603,0.8432316184043884,-0.17980176210403442,-0.018262840807437897,0.19799983501434326,0.9800319075584412
300,1648476579.398783,239.1248779296875,59.05378341674805,1528.5987548828125,0.8620295524597168,0.4996752142906189,-0.08502773940563202,-0.5065319538116455,0.8432508707046509,-0.17987048625946045,-0.018177110701799393,0.19812294840812683,0.980008602142334
300,1648476579.4304674,239.12632751464844,59.05554962158203,1528.6114501953125,0.862010657787323,0.4997018277645111,-0.08506287634372711,-0.5065636038780212,0.8432164192199707,-0.1799427717924118,-0.018191320821642876,0.19820235669612885,0.9799922704696655
300,1648476579.4607885,239.12548828125,59.04622268676758,1528.61572265625,0.8620019555091858,0.49981382489204407,-0.08449120074510574,-0.5065658092498779,0.8432784676551819,-0.1796453893184662,-0.01853964291512966,0.19765503704547882,0.9800962805747986
300,1648476579.4906359,239.12347412109375,59.046180725097656,1528.615478515625,0.8619962930679321,0.4998483657836914,-0.0843447670340538,-0.5065809488296509,0.8433849215507507,-0.17910215258598328,-0.018388809636235237,0.19711284339427948,0.9802083373069763
300,1648476579.5223196,239.1194305419922,59.052364349365234,1528.6224365234375,0.8620411157608032,0.49974486231803894,-0.08449966460466385,-0.5064998269081116,0.8433157801628113,-0.17965638637542725,-0.018522460013628006,0.19767025113105774,0.9800935387611389
300,1648476579.5527177,239.12608337402344,59.050071716308594,1528.6298828125,0.8620139360427856,0.499796599149704,-0.0844707190990448,-0.5065380930900574,0.8432184457778931,-0.1800050586462021,-0.018738647922873497,0.19795450568199158,0.9800320863723755
300,1648476579.5822263,239.12669372558594,59.0457763671875,1528.6119384765625,0.8620290160179138,0.49972808361053467,-0.08472203463315964,-0.5065219402313232,0.843242347240448,-0.17993849515914917,-0.018479112535715103,0.19802576303482056,0.9800226092338562
300,1648476579.6126914,239.12347412109375,59.051910400390625,1528.6258544921875,0.8619996309280396,0.49983710050582886,-0.08437727391719818,-0.5065656900405884,0.8432742357254028,-0.17966575920581818,-0.01865042746067047,0.19761444628238678,0.9801023602485657
300,1648476579.6421392,239.12139892578125,59.05646896362305,1528.61181640625,0.8620193600654602,0.49974000453948975,-0.08474982529878616,-0.506538987159729,0.8432302474975586,-0.1799473911523819,-0.018463296815752983,0.1980472207069397,0.9800185561180115
300,1648476579.6746087,239.12301635742188,59.048614501953125,1528.5946044921875,0.8620181083679199,0.4997151494026184,-0.08490882813930511,-0.5065502524375916,0.8432712554931641,-0.17972320318222046,-0.01820923388004303,0.19793523848056793,0.9800459742546082
300,1648476579.704975,239.1244354248047,59.04975128173828,1528.5899658203125,0.862018346786499,0.49977999925613403,-0.0845242440700531,-0.5065326690673828,0.8432244658470154,-0.17999222874641418,-0.01868360862135887,0.1979708969593048,0.980029821395874
300,1648476579.7342694,239.123779296875,59.053531646728516,1528.5965576171875,0.8620040416717529,0.4998876750469208,-0.0840318351984024,-0.5065551996231079,0.8433703780174255,-0.17924349009990692,-0.018731651827692986,0.19707538187503815,0.9802093505859375
300,1648476579.7643726,239.12547302246094,59.05291748046875,1528.6063232421875,0.8620337843894958,0.49974483251571655,-0.08457478880882263,-0.506512463092804,0.8432844877243042,-0.1797676831483841,-0.01851736754179001,0.19780400395393372,0.9800666570663452
300,1648476579.7947192,239.12889099121094,59.04656219482422,1528.587890625,0.8620216250419617,0.49971675872802734,-0.0848640501499176,-0.5065528154373169,0.8433828353881836,-0.1791917383670807,-0.017972229048609734,0.1974552720785141,0.980147123336792
300,1648476579.82615,239.1259002685547,59.05270767211914,1528.593994140625,0.862034261226654,0.4997306764125824,-0.0846535935997963,-0.5065085887908936,0.8432236909866333,-0.18006332218647003,-0.018601253628730774,0.19809852540493011,0.9800056219100952
300,1648476579.8565195,239.1181640625,59.05266189575195,1528.562744140625,0.8620113134384155,0.49967166781425476,-0.08523328602313995,-0.5065716505050659,0.843255877494812,-0.1797349750995636,-0.017935000360012054,0.19811034202575684,0.9800156354904175
300,1648476579.8867996,239.11871337890625,59.04975509643555,1528.5701904296875,0.8620287775993347,0.4997393786907196,-0.08465766161680222,-0.5065183639526367,0.843222975730896,-0.18003925681114197,-0.018587419763207436,0.1980796903371811,0.9800096750259399
300,1648476579.9164565,239.1278076171875,59.052242279052734,1528.5958251953125,0.8619969487190247,0.49987471103668213,-0.0841813012957573,-0.506563127040863,0.8432679176330566,-0.17970265448093414,-0.018841419368982315,0.19754628837108612,0.9801124930381775
300,1648476579.9503968,239.13357543945312,59.060306549072266,1528.65234375,0.8619962930679321,0.4998694658279419,-0.08421965688467026,-0.5065647959709167,0.8432579636573792,-0.1797446310520172,-0.018829956650733948,0.19760189950466156,0.980101466178894
300,1648476579.9789357,239.12916564941406,59.05565643310547,1528.635498046875,0.861987292766571,0.4997665584087372,-0.08491940051317215,-0.50660240650177,0.8432374000549316,-0.1797349452972412,-0.01821829192340374,0.1979496031999588,0.9800428748130798
300,1648476580.0078514,239.13026428222656,59.050071716308594,1528.625244140625,0.8620161414146423,0.4997457265853882,-0.0847490131855011,-0.5065541863441467,0.8433325886726379,-0.1794239580631256,-0.01819475181400776,0.19759631156921387,0.9801146388053894
300,1648476580.0383546,239.13450622558594,59.05664825439453,1528.598388671875,0.8619927167892456,0.4996909499168396,-0.08530820161104202,-0.5066035985946655,0.8432170748710632,-0.1798270046710968,-0.0179245974868536,0.19822701811790466,0.9799922108650208
300,1648476580.0683157,239.12966918945312,59.054725646972656,1528.582275390625,0.8620317578315735,0.4996010959148407,-0.08543970435857773,-0.5065429210662842,0.8432673215866089,-0.1797623187303543,-0.01776094175875187,0.19823971390724182,0.9799926280975342
300,1648476580.0983503,239.12513732910156,59.050235748291016,1528.6026611328125,0.8619801998138428,0.49985480308532715,-0.0844709575176239,-0.5065974593162537,0.8432097434997559,-0.17987878620624542,-0.01868654415011406,0.1978447288274765,0.9800552129745483
300,1648476580.1305509,239.12953186035156,59.05282974243164,1528.5885009765625,0.8620070219039917,0.4997381865978241,-0.08488618582487106,-0.5065678954124451,0.843255877494812,-0.17974548041820526,-0.018244903534650803,0.19794248044490814,0.9800438284873962
300,1648476580.1607745,239.1310272216797,59.058250427246094,1528.597900390625,0.8620103001594543,0.49977821111679077,-0.08461684733629227,-0.5065534710884094,0.8432604670524597,-0.1797647923231125,-0.018488481640815735,0.19782206416130066,0.9800635576248169
300,1648476580.1903343,239.12905883789062,59.052276611328125,1528.5914306640625,0.8620207905769348,0.49971985816955566,-0.08485426753759384,-0.5065512657165527,0.8433530926704407,-0.17933598160743713,-0.018055642023682594,0.19757437705993652,0.9801216125488281
300,1648476580.2227666,239.1226348876953,59.050113677978516,1528.602783203125,0.8620015978813171,0.49983444809913635,-0.08437258750200272,-0.5065722465515137,0.8433834314346313,-0.17913392186164856,-0.018378861248493195,0.19715455174446106,0.9802001118659973
300,1648476580.252808,239.12725830078125,59.057411193847656,1528.5869140625,0.8620094060897827,0.4997357130050659,-0.08487643301486969,-0.5065696835517883,0.8433255553245544,-0.17941342294216156,-0.018080830574035645,0.19765189290046692,0.9801055192947388
300,1648476580.2826164,239.1261749267578,59.05649948120117,1528.5870361328125,0.8620181083679199,0.4997427761554718,-0.08474646508693695,-0.5065482258796692,0.8433066606521606,-0.1795627921819687,-0.01826794631779194,0.19771453738212585,0.9800894260406494
300,1648476580.3126326,239.1282196044922,59.04850387573242,1528.6007080078125,0.8620238304138184,0.49971675872802734,-0.08484113961458206,-0.5065295696258545,0.8431822657585144,-0.1801985204219818,-0.018511686474084854,0.1983099728822708,0.979964554309845
300,1648476580.3422897,239.1262664794922,59.052555084228516,1528.591552734375,0.8620036244392395,0.4997316300868988,-0.08495927602052689,-0.5065667629241943,0.8431519269943237,-0.1802358627319336,-0.018435992300510406,0.19840151071548462,0.9799474477767944
300,1648476580.374841,239.1299591064453,59.05953598022461,1528.6048583984375,0.862028181552887,0.4998255670070648,-0.08415374904870987,-0.5065102577209473,0.843306839466095,-0.17966893315315247,-0.01883569359779358,0.1975044161081314,0.9801210165023804
300,1648476580.404503,239.1287841796875,59.054988861083984,1528.59130859375,0.8620227575302124,0.499736487865448,-0.08473635464906693,-0.5065405964851379,0.8433176279067993,-0.17953261733055115,-0.018259331583976746,0.19768360257148743,0.9800958037376404
300,1648476580.43397,239.13035583496094,59.049461364746094,1528.607421875,0.8620153665542603,0.4998118281364441,-0.08436612784862518,-0.5065346956253052,0.84324711561203,-0.1798802614212036,-0.018764793872833252,0.19779391586780548,0.9800639748573303
300,1648476580.464633,239.12745666503906,59.054073333740234,1528.6025390625,0.8620181679725647,0.49974653124809265,-0.08472371101379395,-0.5065443515777588,0.8432744741439819,-0.179724782705307,-0.018371494486927986,0.19784234464168549,0.9800616502761841
300,1648476580.494835,239.127685546875,59.055442810058594,1528.61181640625,0.8620193600654602,0.4997830092906952,-0.0844959020614624,-0.5065405368804932,0.8433387875556946,-0.17943333089351654,-0.01841905154287815,0.1974756121635437,0.9801347255706787
300,1648476580.5266533,239.1200714111328,59.049293518066406,1528.603515625,0.8620223999023438,0.49976846575737,-0.08455079048871994,-0.5065287947654724,0.8432517051696777,-0.17987525463104248,-0.018598375841975212,0.19788391888141632,0.9800490140914917
300,1648476580.5567372,239.11834716796875,59.052425384521484,1528.6197509765625,0.8620257377624512,0.49976006150245667,-0.08456629514694214,-0.5065202713012695,0.8432187438011169,-0.18005380034446716,-0.01867581345140934,0.19804556667804718,0.9800148606300354
300,1648476580.5866005,239.11900329589844,59.05894470214844,1528.626953125,0.8619933128356934,0.4998120665550232,-0.08459000289440155,-0.5065780282020569,0.8432087898254395,-0.1799379289150238,-0.018608111888170242,0.19795672595500946,0.9800341129302979
300,1648476580.6162245,239.12948608398438,59.05294418334961,1528.5609130859375,0.8620173335075378,0.4997934401035309,-0.08445502072572708,-0.5065422058105469,0.8433317542076111,-0.17946183681488037,-0.018470244482159615,0.197479248046875,0.980133056640625
300,1648476580.6493895,239.11883544921875,59.04649353027344,1528.617431640625,0.8620645999908447,0.4997616410255432,-0.08415991812944412,-0.5064533948898315,0.843390166759491,-0.1794380098581314,-0.018696587532758713,0.19731023907661438,0.9801627993583679
300,1648476580.6786618,239.11953735351562,59.05605697631836,1528.6258544921875,0.862023115158081,0.4997636675834656,-0.08457233011722565,-0.5065320134162903,0.8432906270027161,-0.1796838790178299,-0.018480421975255013,0.19773024320602417,0.9800822734832764
300,1648476580.7080963,239.12240600585938,59.050567626953125,1528.6107177734375,0.8620041608810425,0.49983102083206177,-0.08436703681945801,-0.506562352180481,0.8433281779289246,-0.17942164838314056,-0.018531402572989464,0.19739937782287598,0.9801479578018188
300,1648476580.7385857,239.12451171875,59.05100631713867,1528.625732421875,0.8620072603225708,0.49987390637397766,-0.08408065140247345,-0.5065490007400513,0.8433482646942139,-0.17936508357524872,-0.01875065639615059,0.19720497727394104,0.980182945728302
300,1648476580.7688203,239.12242126464844,59.05260467529297,1528.623779296875,0.862007737159729,0.4997554123401642,-0.08477726578712463,-0.5065585374832153,0.843208372592926,-0.17999476194381714,-0.018468458205461502,0.19810152053833008,0.980007529258728
300,1648476580.7988093,239.11932373046875,59.054080963134766,1528.5999755859375,0.8620014190673828,0.49976488947868347,-0.08478555083274841,-0.5065828561782837,0.8433464169502258,-0.17927810549736023,-0.018093308433890343,0.19748888909816742,0.9801381230354309
300,1648476580.8299937,239.12332153320312,59.05084991455078,1528.597412109375,0.8620262145996094,0.49974584579467773,-0.0846458449959755,-0.5065396428108215,0.8434063792228699,-0.17911803722381592,-0.01812264695763588,0.1972809135913849,0.980179488658905
300,1648476580.860807,239.12290954589844,59.04878234863281,1528.5975341796875,0.8620370030403137,0.49979862570762634,-0.08422292768955231,-0.5065022706985474,0.8433639407157898,-0.1794232279062271,-0.018644904717803,0.1973285675048828,0.980160117149353
300,1648476580.8908353,239.12167358398438,59.0551643371582,1528.5970458984375,0.8620068430900574,0.49978509545326233,-0.0846111997961998,-0.5065657496452332,0.8433283567428589,-0.17941132187843323,-0.018312079831957817,0.19751492142677307,0.980128824710846
300,1648476580.9225667,239.12017822265625,59.05881118774414,1528.589599609375,0.8620191216468811,0.4998016953468323,-0.08438777178525925,-0.5065264701843262,0.8432230949401855,-0.18001605570316315,-0.01881461776793003,0.19792193174362183,0.9800372123718262
300,1648476580.9525707,239.1253204345703,59.0501708984375,1528.563232421875,0.8620191216468811,0.4997628629207611,-0.08461757749319077,-0.5065432786941528,0.8433194160461426,-0.17951667308807373,-0.018356120213866234,0.19760927557945251,0.9801089763641357
300,1648476580.9825926,239.12802124023438,59.05520248413086,1528.577880859375,0.8619958758354187,0.49980902671813965,-0.08458143472671509,-0.506575882434845,0.843238115310669,-0.17980636656284332,-0.018546558916568756,0.19783926010131836,0.980059027671814
300,1648476581.0126011,239.12379455566406,59.057647705078125,1528.6024169921875,0.8619779348373413,0.49989813566207886,-0.0842370018362999,-0.5065976977348328,0.8432543873786926,-0.17966878414154053,-0.01878286898136139,0.19754479825496674,0.9801139235496521
300,1648476581.0423925,239.11630249023438,59.04853439331055,1528.5960693359375,0.8620455861091614,0.4998229742050171,-0.08399070799350739,-0.5064797401428223,0.8433708548545837,-0.17945444583892822,-0.018860140815377235,0.1972375065088272,0.9801743030548096
300,1648476581.0741806,239.12599182128906,59.05070877075195,1528.578125,0.8620171546936035,0.4998011291027069,-0.0844111293554306,-0.5065379738807678,0.8432996869087219,-0.17962443828582764,-0.01859262026846409,0.19759678840637207,0.9801070690155029
300,1648476581.1045978,239.1284637451172,59.05643844604492,1528.6005859375,0.8620132803916931,0.4998660981655121,-0.0840655118227005,-0.5065299272537231,0.8432661890983582,-0.17980439960956573,-0.01898852549493313,0.19757547974586487,0.9801037311553955
300,1648476581.1339686,239.12184143066406,59.051170349121094,1528.5831298828125,0.8620172739028931,0.49978524446487427,-0.08450392633676529,-0.5065420269966125,0.8433116674423218,-0.1795566976070404,-0.018476644530892372,0.19758576154708862,0.9801114797592163
300,1648476581.1646,239.11911010742188,59.044288635253906,1528.5894775390625,0.8620191216468811,0.4998663365840912,-0.08400415629148483,-0.5065245032310486,0.8433402180671692,-0.17947204411029816,-0.018867945298552513,0.19725848734378815,0.980169951915741
300,1648476581.1949937,239.12757873535156,59.0500602722168,1528.60107421875,0.8620295524597168,0.4997659921646118,-0.0844927504658699,-0.5065094828605652,0.8432020545005798,-0.1801622211933136,-0.01879449374973774,0.19810153543949127,0.9800013303756714
300,1648476581.22663,239.13047790527344,59.05665969848633,1528.6060791015625,0.8620042204856873,0.4998074769973755,-0.08450577408075333,-0.5065479278564453,0.8431267142295837,-0.18040670454502106,-0.018919551745057106,0.19831757247447968,0.9799551963806152
300,1648476581.256214,239.12281799316406,59.051082611083984,1528.6044921875,0.862022340297699,0.49975916743278503,-0.08460620790719986,-0.5065339803695679,0.8432859778404236,-0.17969995737075806,-0.01845947466790676,0.19776129722595215,0.9800763726234436
300,1648476581.2864256,239.115234375,59.04961395263672,1528.6002197265625,0.8620243072509766,0.49981021881103516,-0.0842844694852829,-0.5065257549285889,0.8433501720428467,-0.1794215440750122,-0.018595397472381592,0.19735798239707947,0.9801551103591919
300,1648476581.3159933,239.1199493408203,59.060890197753906,1528.614990234375,0.8620386719703674,0.4998070299625397,-0.08415621519088745,-0.506485104560852,0.8432386517524719,-0.18005937337875366,-0.019031167030334473,0.19784200191497803,0.9800491333007812
300,1648476581.34852,239.119873046875,59.05953598022461,1528.6177978515625,0.8620103597640991,0.4998279809951782,-0.08432146161794662,-0.5065423250198364,0.8432493805885315,-0.1798480898141861,-0.018789082765579224,0.19774329662322998,0.9800737500190735
300,1648476581.3785644,239.11448669433594,59.05624771118164,1528.607666015625,0.8620513081550598,0.49972254037857056,-0.08452771604061127,-0.5064834952354431,0.8433259725570679,-0.17965452373027802,-0.01849299483001232,0.19768331944942474,0.9800915122032166
300,1648476581.4081755,239.1138153076172,59.05961608886719,1528.635009765625,0.8620073795318604,0.4997957944869995,-0.08454237878322601,-0.5065556764602661,0.8432555198669434,-0.17978185415267944,-0.018563391640782356,0.1977987140417099,0.9800668954849243
300,1648476581.4380698,239.1199951171875,59.06509780883789,1528.625732421875,0.8620349168777466,0.49975261092185974,-0.08451668918132782,-0.5065075159072876,0.8432745933532715,-0.17982791364192963,-0.01859869249165058,0.19782628118991852,0.9800606369972229
300,1648476581.468544,239.11976623535156,59.05473327636719,1528.6107177734375,0.8619951009750366,0.4997621178627014,-0.08486588299274445,-0.5065823793411255,0.8431912064552307,-0.18000781536102295,-0.01840291917324066,0.1981574147939682,0.979997456073761
300,1648476581.4987292,239.1172332763672,59.0557746887207,1528.620849609375,0.8620434403419495,0.4997653663158417,-0.08435477316379547,-0.5064833164215088,0.8432371616363525,-0.18007135391235352,-0.018862338736653328,0.19795361161231995,0.9800298810005188
300,1648476581.5301304,239.12161254882812,59.05992126464844,1528.6126708984375,0.8620091676712036,0.4997750520706177,-0.08464687317609787,-0.5065469741821289,0.8431586027145386,-0.18026027083396912,-0.018718844279646873,0.19826361536979675,0.9799699783325195
300,1648476581.5606759,239.1256561279297,59.05907440185547,1528.625244140625,0.862029492855072,0.4998326301574707,-0.08409824967384338,-0.5065061450004578,0.8433083295822144,-0.17967356741428375,-0.018885960802435875,0.1974802017211914,0.9801249504089355
300,1648476581.5906353,239.12265014648438,59.053646087646484,1528.6358642578125,0.8620054125785828,0.4998503625392914,-0.08423927426338196,-0.5065453052520752,0.843218207359314,-0.17998582124710083,-0.018933886662125587,0.1978197693824768,0.9800555109977722
300,1648476581.6225243,239.11915588378906,59.05813217163086,1528.6029052734375,0.8620214462280273,0.4998006224632263,-0.08437041938304901,-0.5065255761146545,0.8432636260986328,-0.17982853949069977,-0.01873190514743328,0.19775182008743286,0.9800731539726257
300,1648476581.6527777,239.12506103515625,59.058349609375,1528.5914306640625,0.8620138168334961,0.4998100697994232,-0.08439246565103531,-0.5065478086471558,0.8433471322059631,-0.17937372624874115,-0.018480652943253517,0.1973714530467987,0.9801545739173889
300,1648476581.6825972,239.1280517578125,59.056339263916016,1528.612548828125,0.8620319962501526,0.499805748462677,-0.08423200249671936,-0.5065091848373413,0.8433392643928528,-0.1795196235179901,-0.018688779324293137,0.19741594791412354,0.9801416397094727
300,1648476581.7123582,239.1264190673828,59.05602264404297,1528.6016845703125,0.8620306849479675,0.49979251623153687,-0.08432425558567047,-0.5065131187438965,0.8433223366737366,-0.1795882284641266,-0.018644321709871292,0.1975218951702118,0.9801211357116699
300,1648476581.7419715,239.12347412109375,59.063682556152344,1528.6064453125,0.8620355725288391,0.49980536103248596,-0.0841980054974556,-0.5065056085586548,0.8433803915977478,-0.1793365329504013,-0.018622415140271187,0.19724121689796448,0.9801781177520752
300,1648476581.7738576,239.12362670898438,59.05990219116211,1528.5987548828125,0.8620222806930542,0.49975380301475525,-0.08463901281356812,-0.5065397024154663,0.8433334827423096,-0.17946068942546844,-0.018307246267795563,0.19757212698459625,0.9801173806190491
300,1648476581.8041503,239.1229248046875,59.058589935302734,1528.609619140625,0.8620175123214722,0.49977341294288635,-0.08457169681787491,-0.5065433979034424,0.8433063626289368,-0.17957773804664612,-0.018428321927785873,0.1976383924484253,0.9801017642021179
300,1648476581.8347843,239.12542724609375,59.063716888427734,1528.5992431640625,0.8620158433914185,0.4997480809688568,-0.08473784476518631,-0.5065497159957886,0.8432830572128296,-0.17966939508914948,-0.01833144761621952,0.19780179858207703,0.9800705909729004
300,1648476581.8650255,239.12185668945312,59.063819885253906,1528.587158203125,0.8620418906211853,0.499654084444046,-0.08502700179815292,-0.506509006023407,0.8432397246360779,-0.179987370967865,-0.0182332806289196,0.19822359085083008,0.9799872040748596
300,1648476581.8943796,239.12295532226562,59.0550422668457,1528.587890625,0.8620129227638245,0.4998423755168915,-0.08420974016189575,-0.5065417885780334,0.8433327078819275,-0.1794586032629013,-0.018684187904000282,0.1973513960838318,0.9801547527313232
300,1648476581.926803,239.1185760498047,59.05659866333008,1528.587890625,0.8620178699493408,0.4998531937599182,-0.08409480005502701,-0.5065301060676575,0.8433440327644348,-0.1794382780790329,-0.0187719464302063,0.1972755491733551,0.980168342590332
300,1648476581.9559417,239.12115478515625,59.0644416809082,1528.5843505859375,0.862009584903717,0.49977579712867737,-0.08463793247938156,-0.5065580606460571,0.8432889580726624,-0.1796182096004486,-0.018394602462649345,0.1977066546678543,0.9800886511802673
300,1648476581.9865148,239.12332153320312,59.0562744140625,1528.601318359375,0.8620365262031555,0.4997900128364563,-0.08427917957305908,-0.5065053105354309,0.8433664441108704,-0.17940282821655273,-0.018585508689284325,0.19733963906764984,0.9801589846611023
300,1648476582.0161288,239.12489318847656,59.05339431762695,1528.6190185546875,0.8620208501815796,0.49984532594680786,-0.08411139249801636,-0.50651615858078,0.8432467579841614,-0.17993414402008057,-0.019012590870261192,0.1977107673883438,0.980076014995575
300,1648476582.0494318,239.12205505371094,59.05950927734375,1528.616943359375,0.8620243072509766,0.49982011318206787,-0.0842258557677269,-0.5065269470214844,0.8433839082717896,-0.17925968766212463,-0.018562868237495422,0.1971888691186905,0.9801897406578064
300,1648476582.0788326,239.12420654296875,59.062469482421875,1528.6231689453125,0.8620089292526245,0.4998685419559479,-0.08409532904624939,-0.5065446496009827,0.8433284759521484,-0.17947028577327728,-0.018791563808918,0.19730304181575775,0.9801624417304993
300,1648476582.1082397,239.1250457763672,59.05564498901367,1528.581787109375,0.862015962600708,0.49974846839904785,-0.08473435789346695,-0.506558358669281,0.843380331993103,-0.1791878193616867,-0.018085550516843796,0.19738565385341644,0.9801591038703918
300,1648476582.1379569,239.12913513183594,59.059326171875,1528.5499267578125,0.8620103001594543,0.4997905194759369,-0.08454374969005585,-0.5065600872039795,0.8433582186698914,-0.17928704619407654,-0.018305301666259766,0.19737377762794495,0.9801573753356934
300,1648476582.1681626,239.13092041015625,59.068328857421875,1528.552490234375,0.861998975276947,0.4998184144496918,-0.08449478447437286,-0.5065680742263794,0.8432440757751465,-0.17980049550533295,-0.018617870286107063,0.19779019057750702,0.9800675511360168
300,1648476582.198387,239.12796020507812,59.060272216796875,1528.5545654296875,0.8620520830154419,0.4997919797897339,-0.08410805463790894,-0.5064750909805298,0.8434024453163147,-0.1793188899755478,-0.018685203045606613,0.1971808671951294,0.9801890254020691
300,1648476582.2299662,239.12586975097656,59.05815887451172,1528.55029296875,0.8620417714118958,0.49972063302993774,-0.0846361294388771,-0.5065069198608398,0.8433554172515869,-0.17945019900798798,-0.018296627327799797,0.1975623518228531,0.9801195859909058
300,1648476582.2603912,239.12594604492188,59.064056396484375,1528.5625,0.8620404601097107,0.4998106360435486,-0.08411641418933868,-0.5064815282821655,0.8432491421699524,-0.18002037703990936,-0.019044999033212662,0.19778825342655182,0.9800597429275513
300,1648476582.2904663,239.12353515625,59.06509017944336,1528.5408935546875,0.8620262145996094,0.4997282028198242,-0.08474947512149811,-0.5065389275550842,0.8433619737625122,-0.17932899296283722,-0.01814126968383789,0.19751520454883575,0.9801319241523743
300,1648476582.322774,239.12533569335938,59.060569763183594,1528.5455322265625,0.8620498180389404,0.4997711479663849,-0.0842549204826355,-0.5064892172813416,0.8434565663337708,-0.17902421951293945,-0.018405772745609283,0.19700200855731964,0.9802302718162537
300,1648476582.3529997,239.12660217285156,59.058509826660156,1528.54736328125,0.8620079755783081,0.499775767326355,-0.08465463668107986,-0.5065643787384033,0.8433201909065247,-0.17945344746112823,-0.018295522779226303,0.19757333397865295,0.9801173806190491
300,1648476582.382547,239.12754821777344,59.06618118286133,1528.583251953125,0.862034261226654,0.49983641505241394,-0.08402694761753082,-0.5065000057220459,0.8433582782745361,-0.17945629358291626,-0.018833965063095093,0.1972571164369583,0.9801708459854126
300,1648476582.412151,239.121337890625,59.05873107910156,1528.5709228515625,0.8620513677597046,0.4998530447483063,-0.0837516263127327,-0.5064566135406494,0.8433246612548828,-0.17973648011684418,-0.019212013110518456,0.1973586529493332,0.9801430702209473
300,1648476582.4423997,239.12164306640625,59.05803680419922,1528.548828125,0.8620425462722778,0.49963507056236267,-0.0851321667432785,-0.5065073370933533,0.843196451663971,-0.1801944077014923,-0.018248306587338448,0.1984553039073944,0.9799400568008423
300,1648476582.4745972,239.1220703125,59.061397552490234,1528.5091552734375,0.8619992733001709,0.49982908368110657,-0.08442847430706024,-0.5065747499465942,0.8433449268341064,-0.17930807173252106,-0.01842106506228447,0.19733275473117828,0.9801634550094604
300,1648476582.5038245,239.1292724609375,59.061588287353516,1528.49853515625,0.862043023109436,0.4998180568218231,-0.08404596149921417,-0.5064897537231445,0.8434082865715027,-0.1792500913143158,-0.018707366660237312,0.19708970189094543,0.9802069664001465
300,1648476582.534499,239.12045288085938,59.05483627319336,1528.5189208984375,0.8620147109031677,0.49993038177490234,-0.08366754651069641,-0.5065218806266785,0.8433523774147034,-0.1794223189353943,-0.019137440249323845,0.19704411923885345,0.9802078008651733
300,1648476582.5651176,239.11862182617188,59.05711364746094,1528.5648193359375,0.8620283007621765,0.4998195171356201,-0.08418843150138855,-0.5065183639526367,0.843381941318512,-0.1792931854724884,-0.018611233681440353,0.1971987783908844,0.9801868796348572
300,1648476582.5942824,239.1118621826172,59.06063461303711,1528.5733642578125,0.8620107173919678,0.4998313784599304,-0.08429807424545288,-0.5065378546714783,0.8432173728942871,-0.18001076579093933,-0.018893428146839142,0.1978713572025299,0.9800459146499634
300,1648476582.626289,239.11717224121094,59.056060791015625,1528.587158203125,0.862043559551239,0.49983057379722595,-0.08396584540605545,-0.5064800977706909,0.8433466553688049,-0.17956696450710297,-0.018940739333629608,0.1973215788602829,0.9801558256149292
300,1648476582.655815,239.115478515625,59.059932708740234,1528.5513916015625,0.8620467185974121,0.4997420012950897,-0.08445950597524643,-0.5064791440963745,0.8432170748710632,-0.18017742037773132,-0.01882452517747879,0.1980983316898346,0.9800013899803162
300,1648476582.6861868,239.11167907714844,59.062255859375,1528.553955078125,0.861988365650177,0.499780535697937,-0.08482641726732254,-0.506597101688385,0.8432334065437317,-0.17976869642734528,-0.018316423520445824,0.19793133437633514,0.9800447225570679
300,1648476582.7165084,239.1100311279297,59.06095886230469,1528.5400390625,0.861991822719574,0.4997512996196747,-0.08496278524398804,-0.5065982937812805,0.8432654738426208,-0.17961491644382477,-0.018116606399416924,0.19786860048770905,0.9800611138343811
300,1648476582.7505407,239.1099853515625,59.057289123535156,1528.5394287109375,0.8620915412902832,0.49975720047950745,-0.08391022682189941,-0.5063955783843994,0.8433775901794434,-0.17966009676456451,-0.019018422812223434,0.19737522304058075,0.9801435470581055
300,1648476582.77817,239.1227569580078,59.062618255615234,1528.5281982421875,0.8620091080665588,0.4998050630092621,-0.08447008579969406,-0.5065615773200989,0.8433771729469299,-0.1791936606168747,-0.018321756273508072,0.19725586473941803,0.9801807999610901
300,1648476582.8082032,239.12429809570312,59.058685302734375,1528.5601806640625,0.8620326519012451,0.4997563660144806,-0.08451822400093079,-0.5065172910690308,0.8433347344398499,-0.17951801419258118,-0.01843811199069023,0.19756032526493073,0.9801173210144043
300,1648476582.8382063,239.11212158203125,59.055240631103516,1528.550537109375,0.8620202541351318,0.4998563826084137,-0.0840519592165947,-0.5065274238586426,0.8433749079704285,-0.17930065095424652,-0.01873725652694702,0.19713541865348816,0.9801971912384033
300,1648476582.8694892,239.1175079345703,59.05776596069336,1528.52490234375,0.8620412349700928,0.499787837266922,-0.08424380421638489,-0.5065021514892578,0.8434350490570068,-0.1790890395641327,-0.018452350050210953,0.19705180823802948,0.9802194237709045
300,1648476582.8986008,239.11976623535156,59.063541412353516,1528.5682373046875,0.8620155453681946,0.4998709559440613,-0.08401323109865189,-0.5065343976020813,0.8433743715286255,-0.17928354442119598,-0.018764033913612366,0.19710080325603485,0.9802036285400391
300,1648476582.9303856,239.12376403808594,59.05741500854492,1528.564208984375,0.8620155453681946,0.49981051683425903,-0.08437207341194153,-0.5065462589263916,0.8433713912963867,-0.17926400899887085,-0.01844104193150997,0.19726672768592834,0.9801763892173767
300,1648476582.9605772,239.11328125,59.055728912353516,1528.5784912109375,0.862004816532135,0.49993419647216797,-0.08374665677547455,-0.5065323114395142,0.8432500958442688,-0.17987285554409027,-0.019305208697915077,0.19747164845466614,0.9801185131072998
300,1648476582.9901545,239.1197967529297,59.06041717529297,1528.569580078125,0.8620166182518005,0.49985891580581665,-0.08407372981309891,-0.5065206289291382,0.8432292938232422,-0.18000316619873047,-0.019082751125097275,0.19775080680847168,0.9800665378570557
300,1648476583.0222538,239.13255310058594,59.06149673461914,1528.588623046875,0.8620134592056274,0.49983760714530945,-0.08423271030187607,-0.5065318942070007,0.8432301878929138,-0.17996737360954285,-0.018926892429590225,0.19780084490776062,0.9800595045089722
300,1648476583.0530634,239.13131713867188,59.054527282714844,1528.5723876953125,0.8620302677154541,0.4996660351753235,-0.08507457375526428,-0.5065379738807678,0.8433132767677307,-0.17956048250198364,-0.01797575317323208,0.19788005948066711,0.980061411857605
300,1648476583.0820532,239.1259002685547,59.05787658691406,1528.562744140625,0.8619945645332336,0.4999208450317383,-0.08393163979053497,-0.5065657496452332,0.8433399796485901,-0.17935673892498016,-0.01888127066195011,0.19712144136428833,0.9801972508430481
300,1648476583.1126673,239.12542724609375,59.061424255371094,1528.5804443359375,0.86199551820755,0.4998801648616791,-0.08416374027729034,-0.5065698623657227,0.8433173298835754,-0.17945164442062378,-0.018727581948041916,0.1973213255405426,0.9801599979400635
300,1648476583.1426747,239.13499450683594,59.05557632446289,1528.5902099609375,0.8620439767837524,0.4998719096183777,-0.08371508866548538,-0.5064793825149536,0.8434366583824158,-0.17914575338363647,-0.01894155703485012,0.19683149456977844,0.9802543520927429
300,1648476583.1742053,239.1257781982422,59.053916931152344,1528.5782470703125,0.8620322346687317,0.4998144209384918,-0.08417796343564987,-0.5065107345581055,0.8433802723884583,-0.17932264506816864,-0.01863400824368,0.19721893966197968,0.9801823496818542
300,1648476583.2048683,239.11505126953125,59.06112289428711,1528.57080078125,0.8619909882545471,0.4998636543750763,-0.0843081846833229,-0.5065789222717285,0.8432757258415222,-0.17962145805358887,-0.01869119144976139,0.19754081964492798,0.9801164269447327
300,1648476583.234821,239.11343383789062,59.065433502197266,1528.5567626953125,0.8620595335960388,0.4997560977935791,-0.08424486964941025,-0.5064645409584045,0.8433816432952881,-0.17944645881652832,-0.018628887832164764,0.1973605751991272,0.9801539778709412
300,1648476583.2655714,239.12306213378906,59.05928039550781,1528.5673828125,0.8620378375053406,0.49973875284194946,-0.084569051861763,-0.5065180659294128,0.8434250354766846,-0.17909109592437744,-0.018171103671193123,0.19721905887126923,0.9801910519599915
300,1648476583.29465,239.1214599609375,59.059078216552734,1528.578857421875,0.8620092272758484,0.4998444616794586,-0.0842353031039238,-0.5065466165542603,0.8433045744895935,-0.17957717180252075,-0.01872463896870613,0.19746629893779755,0.9801308512687683
300,1648476583.3264604,239.1161651611328,59.065093994140625,1528.5458984375,0.8620343208312988,0.4996597170829773,-0.08507052063941956,-0.506525456905365,0.8432567715644836,-0.17986106872558594,-0.01813303679227829,0.19813679158687592,0.9800066351890564
300,1648476583.3566196,239.11756896972656,59.06462478637695,1528.5428466796875,0.8620012402534485,0.499656081199646,-0.08542611449956894,-0.5065943002700806,0.8432396650314331,-0.179747074842453,-0.01777702569961548,0.19821858406066895,0.9799966216087341
300,1648476583.3866775,239.12574768066406,59.05397415161133,1528.564208984375,0.8620209097862244,0.4997834861278534,-0.08447754383087158,-0.5065351724624634,0.8433162569999695,-0.17955444753170013,-0.018497060984373093,0.1975705325603485,0.9801141619682312
300,1648476583.41671,239.12442016601562,59.059059143066406,1528.5445556640625,0.8620131015777588,0.499777227640152,-0.08459397405385971,-0.5065528750419617,0.8433159589767456,-0.17950600385665894,-0.01837356574833393,0.19758786261081696,0.9801129698753357
300,1648476583.4496996,239.1201171875,59.06532287597656,1528.562744140625,0.86203932762146,0.49979275465011597,-0.08423442393541336,-0.5064980387687683,0.8433578610420227,-0.17946380376815796,-0.018654951825737953,0.19736942648887634,0.9801516532897949
300,1648476583.478616,239.12229919433594,59.057708740234375,1528.5528564453125,0.8620300889015198,0.49968546628952026,-0.08496207743883133,-0.5065259337425232,0.8432189226150513,-0.18003712594509125,-0.01832030527293682,0.19823291897773743,0.9799836874008179
300,1648476583.508041,239.12770080566406,59.05624008178711,1528.5596923828125,0.8620515465736389,0.4996977150440216,-0.08467204123735428,-0.5064950585365295,0.8434025049209595,-0.17926235496997833,-0.01816437393426895,0.19741934537887573,0.9801508188247681
300,1648476583.5387669,239.12452697753906,59.061092376708984,1528.552490234375,0.8620258569717407,0.499763160943985,-0.08454705029726028,-0.5065382122993469,0.8434200882911682,-0.1790575534105301,-0.018177693709731102,0.19717855751514435,0.9801990389823914
300,1648476583.5688467,239.11859130859375,59.05606460571289,1528.594482421875,0.8620253205299377,0.4999384582042694,-0.0835096463561058,-0.5064957141876221,0.8433354496955872,-0.179575577378273,-0.019350090995430946,0.19709597527980804,0.9801931977272034
300,1648476583.5980675,239.11402893066406,59.050968170166016,1528.5772705078125,0.8620340824127197,0.49973064661026,-0.08465543389320374,-0.5065113306045532,0.8432492017745972,-0.17993614077568054,-0.018533973023295403,0.1979900300502777,0.9800288081169128
300,1648476583.6307538,239.12066650390625,59.05290985107422,1528.595947265625,0.8620545268058777,0.49977171421051025,-0.08420334756374359,-0.5064610242843628,0.8432658910751343,-0.17999961972236633,-0.018952906131744385,0.1978152096271515,0.98005610704422
300,1648476583.6598513,239.1171875,59.05912399291992,1528.5823974609375,0.8620380759239197,0.4998304843902588,-0.08402255922555923,-0.5065044164657593,0.8434789776802063,-0.17887574434280396,-0.018536290153861046,0.196755513548851,0.9802773594856262
300,1648476583.6905968,239.11468505859375,59.05371856689453,1528.58837890625,0.862042248249054,0.49973803758621216,-0.08452848345041275,-0.5064963698387146,0.843290388584137,-0.1797853708267212,-0.01856353133916855,0.19779595732688904,0.9800674319267273
300,1648476583.7226374,239.11520385742188,59.05304718017578,1528.6090087890625,0.8620430827140808,0.4998190402984619,-0.08403992652893066,-0.5064770579338074,0.843278169631958,-0.17989705502986908,-0.019046936184167862,0.19764330983161926,0.9800889492034912
300,1648476583.7523513,239.12261962890625,59.05946350097656,1528.5997314453125,0.8620142340660095,0.49980783462524414,-0.08440125733613968,-0.5065351724624634,0.8432186245918274,-0.18001247942447662,-0.018802940845489502,0.19792553782463074,0.9800366759300232
300,1648476583.7822587,239.11688232421875,59.054466247558594,1528.611328125,0.8620479702949524,0.49985405802726746,-0.08378072082996368,-0.5064678192138672,0.8433668613433838,-0.1795068383216858,-0.019069338217377663,0.1971757411956787,0.9801827073097229
300,1648476583.8123271,239.1129150390625,59.05168533325195,1528.588623046875,0.8620322346687317,0.49979332089424133,-0.08430341631174088,-0.5065057873725891,0.8432822823524475,-0.17979662120342255,-0.01876957155764103,0.19769065082073212,0.9800847172737122
300,1648476583.8427873,239.10813903808594,59.05689239501953,1528.612548828125,0.8620322346687317,0.4999448359012604,-0.08340000361204147,-0.506477952003479,0.8433201909065247,-0.17969731986522675,-0.01950584538280964,0.19714514911174774,0.9801802635192871
300,1648476583.8743322,239.11370849609375,59.05867004394531,1528.585693359375,0.862028956413269,0.49987465143203735,-0.08385325968265533,-0.5064987540245056,0.8433102369308472,-0.17968551814556122,-0.01910592056810856,0.1973656862974167,0.9801437258720398
300,1648476583.9043348,239.1151123046875,59.05636978149414,1528.56884765625,0.8620179295539856,0.49985846877098083,-0.08406312018632889,-0.5065256357192993,0.8433092832565308,-0.17961421608924866,-0.01889047585427761,0.19741079211235046,0.9801388382911682
300,1648476583.9344807,239.11788940429688,59.058231353759766,1528.5679931640625,0.8620290160179138,0.49987322092056274,-0.0838613286614418,-0.5065122246742249,0.8434481024742126,-0.1789991408586502,-0.018744204193353653,0.1967792510986328,0.980268657207489
300,1648476583.964612,239.11875915527344,59.064998626708984,1528.5670166015625,0.8620272874832153,0.4998794198036194,-0.08384235948324203,-0.5065048336982727,0.8433451652526855,-0.1795044243335724,-0.01902252435684204,0.19720427691936493,0.9801778793334961
300,1648476583.9940233,239.1221466064453,59.05857849121094,1528.56787109375,0.8620266318321228,0.4998582601547241,-0.0839751660823822,-0.5065124034881592,0.8433645963668823,-0.17939145863056183,-0.018848616629838943,0.19717466831207275,0.980187177658081
300,1648476584.0264251,239.12094116210938,59.06153869628906,1528.56103515625,0.8620141744613647,0.4998088777065277,-0.08439570665359497,-0.5065469145774841,0.8433434367179871,-0.17939355969429016,-0.018487926572561264,0.19739016890525818,0.9801506400108337
300,1648476584.055833,239.1179962158203,59.0654182434082,1528.5487060546875,0.8620076775550842,0.4998422861099243,-0.08426425606012344,-0.5065545439720154,0.8433488607406616,-0.17934638261795044,-0.018580736592411995,0.19728240370750427,0.9801706075668335
300,1648476584.0862916,239.12075805664062,59.062950134277344,1528.5491943359375,0.8620216846466064,0.49983856081962585,-0.08414282649755478,-0.5065221190452576,0.8433135747909546,-0.17960387468338013,-0.018814153969287872,0.19744263589382172,0.9801338911056519
300,1648476584.115967,239.12042236328125,59.05315017700195,1528.5732421875,0.8620210886001587,0.49985912442207336,-0.08402678370475769,-0.5065221786499023,0.8433447480201721,-0.179457426071167,-0.018839886412024498,0.19725751876831055,0.9801706671714783
300,1648476584.14939,239.12039184570312,59.05633544921875,1528.5782470703125,0.8620285391807556,0.4997895061969757,-0.08436386287212372,-0.5065189003944397,0.8433294296264648,-0.17953838407993317,-0.01858486793935299,0.1974990963935852,0.9801268577575684
300,1648476584.178826,239.1173095703125,59.062950134277344,1528.5682373046875,0.8620285391807556,0.4998336434364319,-0.084102101624012,-0.5065107345581055,0.8433367013931274,-0.17952732741832733,-0.018807407468557358,0.19735628366470337,0.9801514148712158
300,1648476584.2089317,239.12159729003906,59.056732177734375,1528.5794677734375,0.8620193600654602,0.49981388449668884,-0.08431312441825867,-0.5065317153930664,0.8433097004890442,-0.1795949786901474,-0.018661988899111748,0.1975216269493103,0.9801208972930908
300,1648476584.238471,239.11981201171875,59.05392074584961,1528.58544921875,0.8620344400405884,0.4997732937335968,-0.0843995213508606,-0.5065073370933533,0.8433056473731995,-0.17968279123306274,-0.018626060336828232,0.19764173030853271,0.9800973534584045
300,1648476584.26855,239.12100219726562,59.0603141784668,1528.5853271484375,0.8620344996452332,0.49982544779777527,-0.08408980071544647,-0.5065000057220459,0.8433402180671692,-0.17954111099243164,-0.018822910264134407,0.19736212491989136,0.9801499247550964
300,1648476584.2984505,239.11740112304688,59.0614128112793,1528.5849609375,0.862022340297699,0.4998129904270172,-0.08428822457790375,-0.5065200328826904,0.8432511687278748,-0.179902583360672,-0.018841508775949478,0.19777370989322662,0.9800665974617004
300,1648476584.3298352,239.12115478515625,59.05099868774414,1528.5924072265625,0.8620428442955017,0.4997636675834656,-0.08437059819698334,-0.5064959526062012,0.8433545231819153,-0.17948520183563232,-0.018545852974057198,0.19745729863643646,0.9801360368728638
300,1648476584.3602524,239.12464904785156,59.056148529052734,1528.5697021484375,0.8620166182518005,0.4998161196708679,-0.08432774245738983,-0.50654536485672,0.8433982133865356,-0.17914026975631714,-0.01841532066464424,0.197137713432312,0.980202853679657
300,1648476584.3902674,239.123291015625,59.06312942504883,1528.564453125,0.8620454668998718,0.4997021555900574,-0.08470762521028519,-0.5065004825592041,0.8433319330215454,-0.1795787811279297,-0.01829926110804081,0.19770953059196472,0.9800898432731628
300,1648476584.4226754,239.12144470214844,59.058258056640625,1528.58935546875,0.8620348572731018,0.49984586238861084,-0.08396456390619278,-0.5064963102340698,0.8433530926704407,-0.17949113249778748,-0.018906131386756897,0.19725534319877625,0.9801698327064514
300,1648476584.4527752,239.12852478027344,59.05255126953125,1528.5906982421875,0.8620362281799316,0.499899297952652,-0.08363175392150879,-0.5064827799797058,0.8433582186698914,-0.17950506508350372,-0.01920292340219021,0.19709789752960205,0.9801957011222839
300,1648476584.4821806,239.13259887695312,59.05830383300781,1528.5826416015625,0.8620248436927795,0.4997710883617401,-0.08451060205698013,-0.5065206289291382,0.8432249426841736,-0.18002378940582275,-0.01870923675596714,0.19799134135246277,0.9800251722335815
300,1648476584.512613,239.1307373046875,59.06037139892578,1528.5760498046875,0.8620187640190125,0.4997546672821045,-0.08466927707195282,-0.5065451860427856,0.8433152437210083,-0.1795310080051422,-0.018318571150302887,0.19764791429042816,0.9801018834114075
300,1648476584.5422008,239.12008666992188,59.05412673950195,1528.57666015625,0.8620315194129944,0.49979427456855774,-0.08430533111095428,-0.5065124034881592,0.8433374762535095,-0.17951898276805878,-0.01862470991909504,0.19745272397994995,0.9801355004310608
300,1648476584.574442,239.1210174560547,59.05474853515625,1528.594482421875,0.8620352149009705,0.49988090991973877,-0.08375207334756851,-0.5064961314201355,0.8434339165687561,-0.1791115254163742,-0.018895098939538002,0.19682054221630096,0.9802574515342712
300,1648476584.6047862,239.1173553466797,59.061119079589844,1528.58349609375,0.8620583415031433,0.49981263279914856,-0.08392138034105301,-0.506450355052948,0.8433269262313843,-0.17974357306957245,-0.019064947962760925,0.19745145738124847,0.9801272749900818
300,1648476584.634181,239.1184844970703,59.0606575012207,1528.570556640625,0.8620048761367798,0.49982672929763794,-0.08438513427972794,-0.5065515041351318,0.843220055103302,-0.17995969951152802,-0.018793433904647827,0.19787155091762543,0.9800477623939514
300,1648476584.664495,239.1092987060547,59.058895111083984,1528.5767822265625,0.8620144128799438,0.499832421541214,-0.08425366878509521,-0.5065373182296753,0.8432973623275757,-0.17963722348213196,-0.018737614154815674,0.19752751290798187,0.9801182746887207
300,1648476584.6944985,239.1123046875,59.06501007080078,1528.581298828125,0.8620399236679077,0.49981677532196045,-0.08408553153276443,-0.5064878463745117,0.8433160781860352,-0.1796887069940567,-0.01890074647963047,0.19748713076114655,0.9801232814788818
300,1648476584.7260506,239.12274169921875,59.06050109863281,1528.5872802734375,0.8619992136955261,0.4998481869697571,-0.08431566506624222,-0.5065671801567078,0.8433045744895935,-0.17951907217502594,-0.018628500401973724,0.19745685160160065,0.9801345467567444
300,1648476584.7566075,239.12049865722656,59.05820083618164,1528.5711669921875,0.8620477914810181,0.4997948110103607,-0.08413510769605637,-0.5064743161201477,0.8433040976524353,-0.17978300154209137,-0.018903130665421486,0.1975938230752945,0.9801017045974731
300,1648476584.7868752,239.11590576171875,59.05927658081055,1528.5902099609375,0.8620190620422363,0.49985796213150024,-0.08405458927154541,-0.5065243244171143,0.8433194756507874,-0.17956995964050293,-0.018874606117606163,0.19736841320991516,0.980147659778595
300,1648476584.8162684,239.11773681640625,59.057151794433594,1528.58642578125,0.8619165420532227,0.4999665915966034,-0.08445873856544495,-0.5067211985588074,0.8433249592781067,-0.17898771166801453,-0.01826171576976776,0.19706951081752777,0.9802194237709045
300,1648476584.8485537,239.1243896484375,59.06044006347656,1528.5626220703125,0.8620434999465942,0.4997851848602295,-0.08423609286546707,-0.5064844489097595,0.8432937860488892,-0.17980292439460754,-0.018827062100172043,0.19766221940517426,0.9800893664360046
300,1648476584.878487,239.11863708496094,59.06342697143555,1528.5650634765625,0.8620758056640625,0.49975207448005676,-0.08410223573446274,-0.5064190626144409,0.8432609438896179,-0.1801406443119049,-0.01910553127527237,0.19788587093353271,0.9800388813018799
300,1648476584.9084957,239.14244079589844,59.066375732421875,1528.609619140625,0.862032413482666,0.4997183382511139,-0.08474468439817429,-0.5065199732780457,0.8432785272598267,-0.17977431416511536,-0.018373150378465652,0.19789616763591766,0.980050802230835
300,1648476584.9387732,239.16282653808594,59.07482147216797,1528.538818359375,0.8621481657028198,0.49973610043525696,-0.08345283567905426,-0.5062914490699768,0.8435109257698059,-0.1793273389339447,-0.019222965463995934,0.19685819745063782,0.9802435040473938
300,1648476584.9686105,239.1363983154297,59.04383087158203,1528.6080322265625,0.8619875907897949,0.4997710585594177,-0.08488977700471878,-0.5065994262695312,0.8432216644287109,-0.1798173487186432,-0.018286608159542084,0.19800543785095215,0.980030357837677
300,1648476584.9983733,239.1240234375,59.05161666870117,1528.6220703125,0.8619752526283264,0.49977031350135803,-0.08501933515071869,-0.5066428780555725,0.8434111475944519,-0.17880333960056305,-0.01765434443950653,0.19719849526882172,0.9802045822143555
300,1648476585.029906,239.13003540039062,59.063934326171875,1528.5662841796875,0.8619902729988098,0.49990320205688477,-0.08408067375421524,-0.5065680742263794,0.8432307839393616,-0.17986281216144562,-0.019014587625861168,0.1976325809955597,0.9800917506217957
300,1648476585.0606325,239.13876342773438,59.06386947631836,1528.5599365234375,0.862022876739502,0.49971073865890503,-0.08488648384809494,-0.5065316557884216,0.8431698679924011,-0.18025065958499908,-0.0184994675219059,0.19837789237499237,0.979951024055481
300,1648476585.0907922,239.1265106201172,59.052528381347656,1528.5557861328125,0.861989438533783,0.49980658292770386,-0.08466187119483948,-0.5065996050834656,0.8433406949043274,-0.17925751209259033,-0.01819527894258499,0.19740773737430573,0.9801526069641113
300,1648476585.1225777,239.10995483398438,59.06187057495117,1528.5660400390625,0.8619789481163025,0.499767541885376,-0.0849979817867279,-0.5066164135932922,0.84320068359375,-0.17986761033535004,-0.018221639096736908,0.19810347259044647,0.9800117015838623
300,1648476585.152501,239.13348388671875,59.07202911376953,1528.52197265625,0.8620811700820923,0.4997508227825165,-0.08405431360006332,-0.5064118504524231,0.8433033227920532,-0.17996270954608917,-0.019053230062127113,0.19770856201648712,0.9800756573677063
300,1648476585.1822236,239.14744567871094,59.06190490722656,1528.5316162109375,0.8620829582214355,0.4997251331806183,-0.08418867737054825,-0.5064079165458679,0.8432466387748718,-0.1802390217781067,-0.019078148528933525,0.19801479578018188,0.980013370513916
300,1648476585.2124114,239.15109252929688,59.05810546875,1528.6026611328125,0.8620288372039795,0.49965837597846985,-0.08513428270816803,-0.5065457224845886,0.8433493375778198,-0.17936918139457703,-0.017825372517108917,0.19774581491947174,0.9800912737846375
300,1648476585.2419903,239.1412811279297,59.055328369140625,1528.5947265625,0.8620085120201111,0.4997975528240204,-0.0845206007361412,-0.5065643787384033,0.8433781862258911,-0.17918069660663605,-0.01827123947441578,0.19727040827274323,0.9801788330078125
300,1648476585.2743762,239.15606689453125,59.06550979614258,1528.60107421875,0.8620997667312622,0.49974554777145386,-0.08389482647180557,-0.5063831210136414,0.8434064388275146,-0.17955976724624634,-0.01897675357758999,0.1972813606262207,0.9801632165908813
300,1648476585.3042068,239.15708923339844,59.05844497680664,1528.5596923828125,0.8620420098304749,0.499803751707077,-0.08414115011692047,-0.5064811110496521,0.8432652950286865,-0.17994576692581177,-0.01898425817489624,0.1977367252111435,0.9800713062286377
300,1648476585.3341312,239.14205932617188,59.059226989746094,1528.5946044921875,0.8619623184204102,0.49977901577949524,-0.08509939908981323,-0.5066543221473694,0.843254029750824,-0.17951051890850067,-0.017955178394913673,0.19784727692604065,0.9800683856010437
300,1648476585.3641367,239.11795043945312,59.0541877746582,1528.572509765625,0.8620168566703796,0.49959519505500793,-0.0856248289346695,-0.5065815448760986,0.8433361649513245,-0.17933019995689392,-0.017381994053721428,0.19796159863471985,0.9800556302070618
300,1648476585.3945198,239.1244354248047,59.06106948852539,1528.5150146484375,0.8620467185974121,0.4998012185096741,-0.08410811424255371,-0.5064821243286133,0.8433753848075867,-0.17942646145820618,-0.01874285563826561,0.19727325439453125,0.9801693558692932
300,1648476585.4260921,239.1332550048828,59.063419342041016,1528.5440673828125,0.8620558381080627,0.49970242381095886,-0.08460018038749695,-0.5064768195152283,0.8433148860931396,-0.17972536385059357,-0.018464606255292892,0.19778132438659668,0.9800722599029541
300,1648476585.456674,239.11004638671875,59.05913543701172,1528.5440673828125,0.8619805574417114,0.49985331296920776,-0.08447609841823578,-0.5066113471984863,0.8433631658554077,-0.17911861836910248,-0.018289009109139442,0.19719330966472626,0.9801940321922302
300,1648476585.4858613,239.10264587402344,59.05912399291992,1528.574462890625,0.8620677590370178,0.4997765123844147,-0.08403955399990082,-0.5064399838447571,0.8433511853218079,-0.17965897917747498,-0.01891447976231575,0.19743919372558594,0.9801326394081116
300,1648476585.516753,239.09890747070312,59.05612564086914,1528.5537109375,0.8620131611824036,0.49996495246887207,-0.08347650617361069,-0.5065019726753235,0.8431910276412964,-0.18023492395877838,-0.01972450315952301,0.1976458877325058,0.9800750017166138
300,1648476585.5509694,239.11813354492188,59.06270980834961,1528.5604248046875,0.8620337247848511,0.49989330768585205,-0.08369328081607819,-0.5064924359321594,0.8433896899223328,-0.17932993173599243,-0.019059784710407257,0.19697844982147217,0.9802225232124329
300,1648476585.578689,239.0990447998047,59.05931854248047,1528.558349609375,0.8620041608810425,0.4998888671398163,-0.08402372896671295,-0.5065370202064514,0.8431857824325562,-0.1801609992980957,-0.019212860614061356,0.19786064326763153,0.9800418615341187
300,1648476585.6079762,239.0995330810547,59.0587158203125,1528.5338134765625,0.8620482683181763,0.4998493194580078,-0.0838058739900589,-0.506470799446106,0.8433942198753357,-0.17936979234218597,-0.018976472318172455,0.1970706433057785,0.9802055954933167
300,1648476585.6382058,239.1047821044922,59.066162109375,1528.5042724609375,0.8620796799659729,0.49976271390914917,-0.08399898558855057,-0.5064108967781067,0.8432855010032654,-0.18004868924617767,-0.019146490842103958,0.19775432348251343,0.9800646305084229
300,1648476585.6678197,239.11544799804688,59.067771911621094,1528.4859619140625,0.8620295524597168,0.4998127222061157,-0.0842159241437912,-0.5065064430236816,0.8432698249816895,-0.17985352873802185,-0.018876338377594948,0.19769495725631714,0.9800817966461182
300,1648476585.6987174,239.1148223876953,59.06387710571289,1528.4913330078125,0.8620776534080505,0.4996686279773712,-0.08457767963409424,-0.5064352750778198,0.8432945013046265,-0.1799379289150238,-0.0185854509472847,0.19795359671115875,0.9800351858139038
300,1648476585.7299411,239.1033935546875,59.05051040649414,1528.523193359375,0.8619778752326965,0.49986785650253296,-0.08441699296236038,-0.5066033601760864,0.8432483673095703,-0.17968086898326874,-0.01863219402730465,0.1976468712091446,0.9800962209701538
300,1648476585.7601984,239.13217163085938,59.0750617980957,1528.527587890625,0.8620317578315735,0.4998186528682709,-0.08415792137384415,-0.5065059661865234,0.8433274626731873,-0.17958426475524902,-0.018786877393722534,0.19743382930755615,0.9801361560821533
300,1648476585.7900298,239.13314819335938,59.062801361083984,1528.5264892578125,0.8619945049285889,0.49993273615837097,-0.08386141806840897,-0.5065518617630005,0.8432205319404602,-0.17995646595954895,-0.01925245299935341,0.19760164618492126,0.9800933003425598
300,1648476585.8221672,239.13162231445312,59.059349060058594,1528.5426025390625,0.8620431423187256,0.4996345341205597,-0.08512933552265167,-0.5065188407897949,0.843334972858429,-0.17951254546642303,-0.017898112535476685,0.19786716997623444,0.9800654053688049
300,1648476585.8523805,239.12112426757812,59.05846405029297,1528.5362548828125,0.862008810043335,0.4997415244579315,-0.0848480612039566,-0.5065580010414124,0.8431974649429321,-0.18004737794399261,-0.01843348518013954,0.19818289577960968,0.9799917340278625
300,1648476585.8824306,239.13626098632812,59.072017669677734,1528.5482177734375,0.8620346784591675,0.49968719482421875,-0.08490534871816635,-0.5065211057662964,0.8432760834693909,-0.17978252470493317,-0.018236372619867325,0.19798512756824493,0.9800353646278381
300,1648476585.9124367,239.1492156982422,59.06483459472656,1528.55615234375,0.8620927333831787,0.499675452709198,-0.08438358455896378,-0.506406307220459,0.8433418273925781,-0.17979785799980164,-0.01867637038230896,0.1977348029613495,0.9800776243209839
300,1648476585.942061,239.1256866455078,59.05964660644531,1528.56591796875,0.8620323538780212,0.4997519254684448,-0.08454738557338715,-0.5065140128135681,0.8432834148406982,-0.1797684133052826,-0.018542207777500153,0.19779062271118164,0.9800689220428467
300,1648476585.9743304,239.12899780273438,59.071868896484375,1528.5609130859375,0.8620989322662354,0.49966123700141907,-0.08440406620502472,-0.5064103007316589,0.8434959650039673,-0.17906180024147034,-0.018275750800967216,0.1971120685338974,0.9802106022834778
300,1648476586.0039508,239.12498474121094,59.062522888183594,1528.568359375,0.8620030283927917,0.4998288154602051,-0.08439136296510696,-0.5065516233444214,0.8431849479675293,-0.18012377619743347,-0.01887352019548416,0.19801582396030426,0.9800171256065369
300,1648476586.034632,239.1361541748047,59.06336975097656,1528.564208984375,0.8620768189430237,0.49957865476608276,-0.08511605858802795,-0.5064576864242554,0.8433265686035156,-0.17972466349601746,-0.01800597831606865,0.19804413616657257,0.9800276756286621
300,1648476586.0648553,239.12155151367188,59.06203842163086,1528.56494140625,0.8620164394378662,0.4997621178627014,-0.08464885503053665,-0.5065386295318604,0.8432077765464783,-0.18005363643169403,-0.01860741525888443,0.19808711111545563,0.9800077676773071
300,1648476586.0941083,239.11671447753906,59.071144104003906,1528.5653076171875,0.862018346786499,0.49978652596473694,-0.0844852477312088,-0.5065374374389648,0.8432904481887817,-0.17966927587985992,-0.018550679087638855,0.19767315685749054,0.980092465877533
300,1648476586.126535,239.1278533935547,59.0634651184082,1528.56591796875,0.8620326519012451,0.49973994493484497,-0.08461467176675797,-0.5065100193023682,0.8432232737541199,-0.1800612360239029,-0.018634730949997902,0.19807684421539307,0.9800093173980713
300,1648476586.1567557,239.12705993652344,59.057090759277344,1528.587890625,0.8619700074195862,0.499857097864151,-0.0845610648393631,-0.5066252946853638,0.8432812094688416,-0.1794646829366684,-0.018397938460111618,0.19753395020961761,0.9801234006881714
300,1648476586.1864624,239.12918090820312,59.074432373046875,1528.580078125,0.8620800375938416,0.49969443678855896,-0.08440056443214417,-0.506430447101593,0.8433519005775452,-0.17968247830867767,-0.018606964498758316,0.1976436972618103,0.9800972938537598
300,1648476586.2160535,239.1202850341797,59.06620788574219,1528.55712890625,0.8620231747627258,0.4998413622379303,-0.08411097526550293,-0.5065160393714905,0.8432895541191101,-0.17973384261131287,-0.018908506259322166,0.19753830134868622,0.9801127910614014
300,1648476586.2502964,239.1295928955078,59.064247131347656,1528.5877685546875,0.8620965480804443,0.49962857365608215,-0.08462177217006683,-0.5064107179641724,0.8433762192726135,-0.1796237975358963,-0.018377192318439484,0.1977064311504364,0.980089008808136
300,1648476586.2788925,239.12356567382812,59.065162658691406,1528.5865478515625,0.862030029296875,0.4998433589935303,-0.08402904868125916,-0.5064970254898071,0.843248188495636,-0.17998120188713074,-0.01910506747663021,0.19770966470241547,0.980074405670166
300,1648476586.3084528,239.12844848632812,59.06653594970703,1528.585693359375,0.8620591163635254,0.49975940585136414,-0.0842292457818985,-0.5064641833305359,0.8433763980865479,-0.17947210371494293,-0.018655909225344658,0.19737467169761658,0.980150580406189
300,1648476586.3388355,239.12908935546875,59.06769561767578,1528.5897216796875,0.8620706796646118,0.4997832775115967,-0.08396884053945541,-0.5064228177070618,0.8432537913322449,-0.18016362190246582,-0.019235720857977867,0.19783751666545868,0.9800460934638977
300,1648476586.3693855,239.12574768066406,59.06196975708008,1528.5711669921875,0.862016499042511,0.4998100996017456,-0.08436451107263565,-0.5065428614616394,0.8433562517166138,-0.17934493720531464,-0.01848907396197319,0.19733253121376038,0.9801622629165649
300,1648476586.3982358,239.1329803466797,59.07429122924805,1528.5731201171875,0.8620337843894958,0.4996398389339447,-0.08519268780946732,-0.506530225276947,0.8432543873786926,-0.17985890805721283,-0.01802556775510311,0.1981971114873886,0.9799964427947998
300,1648476586.4298995,239.12335205078125,59.062252044677734,1528.5684814453125,0.8620286583900452,0.4997885227203369,-0.08436828851699829,-0.5065192580223083,0.8433344960212708,-0.1795135885477066,-0.018568137660622597,0.19748002290725708,0.9801310300827026
