300,1648804493.6047406,273.0361633300781,91.44729614257812,1379.35888671875,0.9535117149353027,0.29489898681640625,0.062048010528087616,0.28543463349342346,-0.9498237371444702,0.12791359424591064,0.09665626287460327,-0.10425646603107452,-0.9898424744606018
4,1648804493.6047482,200.1746063232422,-44.762725830078125,1445.09716796875,0.2493644654750824,-0.9668401479721069,-0.055113308131694794,-0.8652353882789612,-0.24799731373786926,0.4357350170612335,-0.43495407700538635,-0.06097084656357765,-0.8983860611915588
300,1648804493.634472,273.02667236328125,91.4450454711914,1379.300537109375,0.9534772634506226,0.29499098658561707,0.062140610069036484,0.2854847311973572,-0.9497647881507874,0.1282391995191574,0.09684837609529495,-0.10453296452760696,-0.9897945523262024
4,1648804493.6344788,200.1243133544922,-44.735137939453125,1445.0941162109375,0.24938519299030304,-0.9667729139328003,-0.05618910491466522,-0.8660283088684082,-0.24861042201519012,0.4338061809539795,-0.4333612322807312,-0.05952347815036774,-0.8992524743080139
300,1648804493.6672623,273.0285339355469,91.43458557128906,1379.273681640625,0.9534586668014526,0.2949906289577484,0.06242680549621582,0.28550148010253906,-0.9498246312141418,0.12775802612304688,0.096981942653656,-0.10398904979228973,-0.9898387789726257
4,1648804493.6672702,200.11997985839844,-44.72664260864258,1445.079345703125,0.2488660365343094,-0.9669151306152344,-0.05604302138090134,-0.8654926419258118,-0.24798794090747833,0.4352291524410248,-0.43472763895988464,-0.05980893597006798,-0.8985737562179565
300,1648804493.6964555,273.041259765625,91.44234466552734,1379.27978515625,0.9533878564834595,0.2950155436992645,0.06338300555944443,0.28542211651802063,-0.9498426914215088,0.12780079245567322,0.09790711104869843,-0.10375281423330307,-0.9897724986076355
4,1648804493.696463,200.15518188476562,-44.6297721862793,1444.9927978515625,0.24980232119560242,-0.9666798114776611,-0.055936895310878754,-0.8650320768356323,-0.24874766170978546,0.43571099638938904,-0.43510717153549194,-0.06045440211892128,-0.8983468413352966
300,1648804493.726885,273.035400390625,91.44776153564453,1379.261474609375,0.9533853530883789,0.29503652453422546,0.06332331150770187,0.2855303883552551,-0.9499204158782959,0.1269787698984146,0.09761548042297363,-0.10297895967960358,-0.9898821115493774
4,1648804493.7268937,200.2688446044922,-44.545780181884766,1444.9300537109375,0.25058233737945557,-0.9663845896720886,-0.05752631649374962,-0.8645106554031372,-0.2501181662082672,0.4359612762928009,-0.4356946349143982,-0.05951207876205444,-0.8981249928474426
300,1648804493.7570193,273.03125,91.44536590576172,1379.2822265625,0.9534745812416077,0.29491665959358215,0.06253339350223541,0.2854989171028137,-0.9499380588531494,0.12691758573055267,0.09683296084403992,-0.10315946489572525,-0.9899401664733887
4,1648804493.7570274,200.25039672851562,-44.511112213134766,1444.8701171875,0.24983131885528564,-0.9665305018424988,-0.05833585187792778,-0.8638271689414978,-0.24969342350959778,0.4375566244125366,-0.4374779164791107,-0.058923251926898956,-0.8972965478897095
300,1648804493.7865202,273.0400695800781,91.46178436279297,1379.281005859375,0.9533751010894775,0.29501259326934814,0.06358867138624191,0.28529778122901917,-0.9497441053390503,0.1288074254989624,0.0983927771449089,-0.10466007888317108,-0.989628791809082
4,1648804493.7865288,200.25938415527344,-44.4798583984375,1444.83251953125,0.2505441904067993,-0.9663869738578796,-0.057652972638607025,-0.8645224571228027,-0.250141441822052,0.4359245300292969,-0.4356931746006012,-0.0593760684132576,-0.898134708404541
300,1648804493.8183064,273.0473327636719,91.4618911743164,1379.284423828125,0.9533692002296448,0.29501500725746155,0.0636657103896141,0.2853492200374603,-0.9498064517974854,0.12823209166526794,0.0983004942536354,-0.10408556461334229,-0.9896985292434692
4,1648804493.8183138,200.1984100341797,-44.44660186767578,1444.739501953125,0.24968141317367554,-0.9664316177368164,-0.06057283282279968,-0.864344596862793,-0.25063356757164,0.4359945058822632,-0.43654048442840576,-0.05650392174720764,-0.8979085087776184
300,1648804493.8487291,273.0433044433594,91.45161437988281,1379.34228515625,0.9534744024276733,0.2949044406414032,0.06259378790855408,0.2853130102157593,-0.9497643113136292,0.12862424552440643,0.09738121181726456,-0.10478109866380692,-0.9897160530090332
4,1648804493.8487377,200.21905517578125,-44.3961296081543,1444.7037353515625,0.25008219480514526,-0.9664322137832642,-0.05888661369681358,-0.863366425037384,-0.25011396408081055,0.4382253587245941,-0.43824347853660583,-0.05875164270401001,-0.8969341516494751
300,1648804493.8789208,273.0414733886719,91.45101165771484,1379.3057861328125,0.9533976912498474,0.2949651777744293,0.06346910446882248,0.2852843999862671,-0.9497771263122559,0.12859301269054413,0.09821196645498276,-0.10449353605508804,-0.9896643161773682
4,1648804493.8789287,200.3312530517578,-44.30917739868164,1444.6793212890625,0.252533495426178,-0.9659332036972046,-0.05656773969531059,-0.8635027408599854,-0.2513602375984192,0.4372425675392151,-0.43656599521636963,-0.06157199293375015,-0.8975628018379211
300,1648804493.910443,273.04046630859375,91.4478759765625,1379.28759765625,0.9534199833869934,0.294983446598053,0.06304831802845001,0.28540754318237305,-0.9498231410980225,0.12797880172729492,0.097636379301548,-0.10402308404445648,-0.9897708296775818
4,1648804493.910451,200.3659210205078,-44.285682678222656,1444.692626953125,0.25231850147247314,-0.9659037590026855,-0.058011118322610855,-0.8624847531318665,-0.25167280435562134,0.43906813859939575,-0.4386973977088928,-0.06075131520628929,-0.8965789675712585
300,1648804493.9411936,273.0328063964844,91.45274353027344,1379.284423828125,0.9534231424331665,0.29500678181648254,0.06289102137088776,0.28541427850723267,-0.9497759938240051,0.12831327319145203,0.09758566319942474,-0.10438685119152069,-0.9897375702857971
4,1648804493.9412012,200.41407775878906,-44.267799377441406,1444.661376953125,0.2520590126514435,-0.9658473134040833,-0.06004342436790466,-0.8636183142662048,-0.25250667333602905,0.43635278940200806,-0.436611533164978,-0.058132052421569824,-0.8977700471878052
300,1648804493.9709122,273.03570556640625,91.44532775878906,1379.26025390625,0.9533524513244629,0.29512259364128113,0.06341713666915894,0.28540587425231934,-0.9496849179267883,0.12900419533252716,0.09829834848642349,-0.10488684475421906,-0.9896141886711121
4,1648804493.9709206,200.45596313476562,-44.26654815673828,1444.6265869140625,0.25267595052719116,-0.9658358097076416,-0.05758563429117203,-0.8637840151786804,-0.25199246406555176,0.4363221228122711,-0.4359266459941864,-0.06050655245780945,-0.8979459404945374
300,1648804494.0007405,273.0431823730469,91.45159912109375,1379.2774658203125,0.9533342123031616,0.29509246349334717,0.06383047997951508,0.2853110432624817,-0.9496845006942749,0.12921671569347382,0.09874969720840454,-0.10497517138719559,-0.9895598292350769
4,1648804494.000749,200.48312377929688,-44.21883010864258,1444.580810546875,0.2528272867202759,-0.9657133221626282,-0.05895911529660225,-0.8622708916664124,-0.25254684686660767,0.43898633122444153,-0.4388248920440674,-0.06014900282025337,-0.8965572118759155
300,1648804494.0311673,273.0517272949219,91.4585952758789,1379.3128662109375,0.9533040523529053,0.2951088845729828,0.06420379877090454,0.2852896451950073,-0.9496932029724121,0.1292000263929367,0.09910199046134949,-0.10485023260116577,-0.9895378947257996
4,1648804494.0311751,200.61691284179688,-44.1335334777832,1444.5462646484375,0.25422462821006775,-0.9653708934783936,-0.05855661630630493,-0.8622042536735535,-0.2536531984806061,0.43847906589508057,-0.43814799189567566,-0.06098441779613495,-0.896831750869751
300,1648804494.0624545,273.049072265625,91.45771026611328,1379.2784423828125,0.9533746242523193,0.29495537281036377,0.06386005878448486,0.2854105532169342,-0.9499788284301758,0.12681125104427338,0.09806936979293823,-0.10267230123281479,-0.9898690581321716
4,1648804494.062462,200.74583435058594,-44.08791732788086,1444.5816650390625,0.2549614906311035,-0.9650846123695374,-0.060052670538425446,-0.8619377613067627,-0.25498074293136597,0.43823298811912537,-0.43824419379234314,-0.05997087061405182,-0.8968530893325806
300,1648804494.092923,273.0473327636719,91.4500732421875,1379.2962646484375,0.9533964991569519,0.2950040102005005,0.06330672651529312,0.28545936942100525,-0.9498869776725769,0.12738774716854095,0.0977141261100769,-0.10337953269481659,-0.9898306131362915
4,1648804494.0929308,200.8776397705078,-44.13751983642578,1444.6593017578125,0.25573602318763733,-0.9649257659912109,-0.05930701270699501,-0.862341582775116,-0.2554183900356293,0.43718233704566956,-0.43699660897254944,-0.06066036596894264,-0.8974153399467468
300,1648804494.1225088,273.0532531738281,91.451416015625,1379.261962890625,0.9533224701881409,0.29501497745513916,0.06436160206794739,0.28534868359565735,-0.9499040842056274,0.12750819325447083,0.09875418245792389,-0.10319093614816666,-0.9897470474243164
4,1648804494.1225166,200.8972930908203,-44.20100784301758,1444.728759765625,0.25604820251464844,-0.9649519920349121,-0.057506006211042404,-0.8622673749923706,-0.25488215684890747,0.4376414120197296,-0.43696022033691406,-0.06247175112366676,-0.8973087668418884
300,1648804494.1528137,273.0487976074219,91.44573211669922,1379.2760009765625,0.9533289074897766,0.29501044750213623,0.06428693979978561,0.2854368984699249,-0.9499918222427368,0.1266545057296753,0.09843646734952927,-0.10239353775978088,-0.9898615479469299
4,1648804494.1528218,200.88235473632812,-44.24055480957031,1444.794189453125,0.2553768455982208,-0.9649403095245361,-0.06060408428311348,-0.8627803921699524,-0.25573140382766724,0.4361323416233063,-0.4363400638103485,-0.059090081602334976,-0.8978394865989685
300,1648804494.1824303,273.046630859375,91.44991302490234,1379.3033447265625,0.9534037709236145,0.29498812556266785,0.0632716715335846,0.2854532301425934,-0.949897050857544,0.12732641398906708,0.09766135364770889,-0.10333237797021866,-0.9898407459259033
4,1648804494.1824381,200.9093475341797,-44.284156799316406,1444.81787109375,0.25586140155792236,-0.9649194478988647,-0.05886751413345337,-0.8627501726150513,-0.25539302825927734,0.43639031052589417,-0.4361158311367035,-0.06086747720837593,-0.8978296518325806
300,1648804494.2147622,273.04425048828125,91.44100952148438,1379.296630859375,0.9533906579017639,0.29504162073135376,0.0632190853357315,0.2854074537754059,-0.9497683048248291,0.1283850520849228,0.0979224219918251,-0.10435792058706284,-0.989707350730896
4,1648804494.21477,200.9444122314453,-44.34507369995117,1444.9173583984375,0.2564812898635864,-0.9648861289024353,-0.0566757395863533,-0.8630918860435486,-0.25502845644950867,0.4359275698661804,-0.4350743889808655,-0.06289088726043701,-0.8981954455375671
300,1648804494.2451916,273.03857421875,91.44651794433594,1379.3634033203125,0.9534891247749329,0.2949872314929962,0.061975959688425064,0.2853703796863556,-0.9496217966079712,0.12954623997211456,0.09706820547580719,-0.10583483427762985,-0.98963463306427
4,1648804494.2451997,200.89056396484375,-44.40583038330078,1444.9886474609375,0.25529563426971436,-0.9651536345481873,-0.057468075305223465,-0.8634232878684998,-0.25432831048965454,0.4356802701950073,-0.43511417508125305,-0.06160799041390419,-0.8982650637626648
300,1648804494.2748935,273.0433349609375,91.45817565917969,1379.3468017578125,0.9534974694252014,0.29492661356925964,0.062135666608810425,0.28537073731422424,-0.9497294425964355,0.1287539303302765,0.09698503464460373,-0.10503485053777695,-0.9897280335426331
4,1648804494.274902,200.73068237304688,-44.45909118652344,1444.9876708984375,0.2542342245578766,-0.9655123949050903,-0.05613216385245323,-0.8640987277030945,-0.25283244252204895,0.4352115988731384,-0.4343942105770111,-0.06214195489883423,-0.8985766768455505
300,1648804494.3044498,273.0542297363281,91.45779418945312,1379.2845458984375,0.9534010887145996,0.2949806749820709,0.06334677338600159,0.2854806184768677,-0.9499465823173523,0.12689468264579773,0.09760753065347672,-0.10289724171161652,-0.9898913502693176
4,1648804494.304458,200.51266479492188,-44.525115966796875,1444.9478759765625,0.2523396611213684,-0.965958833694458,-0.05699357017874718,-0.8642905354499817,-0.25148266553878784,0.4356125593185425,-0.4351166784763336,-0.060663316398859024,-0.8983281254768372
300,1648804494.3351727,273.0453796386719,91.46094512939453,1379.2935791015625,0.953438937664032,0.2949899137020111,0.06273077428340912,0.28537964820861816,-0.9497387409210205,0.12866531312465668,0.09753281623125076,-0.1047724261879921,-0.989702045917511
4,1648804494.3351836,200.0833282470703,-44.533714294433594,1444.8118896484375,0.2494111806154251,-0.9666995406150818,-0.05732372775673866,-0.8650249242782593,-0.24900783598423004,0.43557658791542053,-0.43534573912620544,-0.05905121564865112,-0.8983245491981506
300,1648804494.3669596,273.03656005859375,91.45069122314453,1379.2640380859375,0.9533867239952087,0.2950735092163086,0.0631294697523117,0.285396933555603,-0.9497007131576538,0.12890742719173431,0.09799127280712128,-0.10488167405128479,-0.9896451830863953
4,1648804494.3669672,199.68417358398438,-44.615596771240234,1444.7413330078125,0.24573597311973572,-0.9675696492195129,-0.05850425735116005,-0.8660776019096375,-0.24626480042934418,0.43504393100738525,-0.43534284830093384,-0.05623672157526016,-0.8985065817832947
300,1648804494.3962598,273.03759765625,91.46221160888672,1379.2537841796875,0.9533700346946716,0.29500603675842285,0.0636950358748436,0.2853710353374481,-0.9498457908630371,0.12789186835289001,0.09822934120893478,-0.10375155508518219,-0.9897406697273254
4,1648804494.3962681,199.3321990966797,-44.6994743347168,1444.72021484375,0.24298930168151855,-0.9682543277740479,-0.05864915996789932,-0.8662849068641663,-0.24380965530872345,0.43601295351982117,-0.4364706575870514,-0.05513960123062134,-0.8980273008346558
300,1648804494.4266872,273.0428771972656,91.4587173461914,1379.22802734375,0.9533128142356873,0.29503047466278076,0.06443391740322113,0.28543320298194885,-0.9499815106391907,0.12674011290073395,0.09860322624444962,-0.10243138670921326,-0.9898409843444824
4,1648804494.426695,199.01422119140625,-44.804386138916016,1444.7081298828125,0.24039040505886078,-0.9689779281616211,-0.057395827025175095,-0.8669124245643616,-0.24091720581054688,0.43637335300445557,-0.43666377663612366,-0.055142808705568314,-0.8979331851005554
300,1648804494.45689,273.04718017578125,91.46121215820312,1379.2593994140625,0.953315258026123,0.295030802488327,0.06439601629972458,0.28533369302749634,-0.9498720169067383,0.1277802586555481,0.09886708110570908,-0.10344050824642181,-0.989709734916687
4,1648804494.456899,198.71426391601562,-44.84314727783203,1444.657958984375,0.2376348078250885,-0.9696632623672485,-0.05729604512453079,-0.8679850101470947,-0.2384551465511322,0.4355928897857666,-0.4360409677028656,-0.05377992242574692,-0.8983184099197388
300,1648804494.4864633,273.0438232421875,91.45628356933594,1379.2696533203125,0.9533937573432922,0.2949368357658386,0.0636596605181694,0.28542786836624146,-0.949993908405304,0.1266588717699051,0.09783265739679337,-0.10258553177118301,-0.9899014830589294
4,1648804494.4864721,198.41220092773438,-44.871604919433594,1444.5919189453125,0.23538413643836975,-0.9700392484664917,-0.06015113741159439,-0.8678953647613525,-0.23764757812023163,0.436212420463562,-0.43743792176246643,-0.05047258734703064,-0.8978310227394104
300,1648804494.519055,273.0396423339844,91.45632934570312,1379.3521728515625,0.9535491466522217,0.29476994276046753,0.06208640709519386,0.2853253185749054,-0.9498886466026306,0.12767548859119415,0.09661006927490234,-0.10403002798557281,-0.9898708462715149
4,1648804494.5190625,198.25872802734375,-44.90632629394531,1444.5841064453125,0.23405790328979492,-0.9704108238220215,-0.05932772532105446,-0.8688461780548096,-0.23616313934326172,0.4351244866847992,-0.43626052141189575,-0.050297658890485764,-0.8984135389328003
410,1648804494.5190678,279.7467956542969,-178.8347625732422,1372.4915771484375,0.23068559169769287,0.6995360851287842,-0.676338255405426,-0.8593131303787231,-0.17961692810058594,-0.4788723289966583,-0.456470251083374,0.6916552782058716,0.559685468673706
300,1648804494.5487719,273.0407409667969,91.44795989990234,1379.2862548828125,0.9534422159194946,0.29487845301628113,0.06320365518331528,0.28535646200180054,-0.9499335289001465,0.1272713989019394,0.09756886214017868,-0.10331035405397415,-0.9898521304130554
4,1648804494.54878,198.18362426757812,-44.956573486328125,1444.603515625,0.23337487876415253,-0.9707193374633789,-0.05692201107740402,-0.868448793888092,-0.23440489172935486,0.43686506152153015,-0.4374161660671234,-0.052519477903842926,-0.8977242112159729
410,1648804494.5487847,279.6021728515625,-179.0792694091797,1372.13916015625,0.22876204550266266,0.6986681818962097,-0.6778869032859802,-0.8601809740066528,-0.18097202479839325,-0.47679951786994934,-0.455803245306015,0.6921790838241577,0.5595815777778625
300,1648804494.5783348,273.0259094238281,91.44515991210938,1379.2677001953125,0.9534479975700378,0.2949797809123993,0.06264094263315201,0.28543996810913086,-0.9498043656349182,0.12804579734802246,0.09726756066083908,-0.10420478135347366,-0.9897880554199219
4,1648804494.5783432,198.20066833496094,-44.96372985839844,1444.6253662109375,0.2332461029291153,-0.9707727432250977,-0.056538283824920654,-0.8686337471008301,-0.23413555324077606,0.4366416931152344,-0.43711745738983154,-0.05273390933871269,-0.897857129573822
410,1648804494.5783484,279.284912109375,-179.1039581298828,1371.8470458984375,0.22925220429897308,0.6970294117927551,-0.6794067025184631,-0.8604230880737305,-0.18123069405555725,-0.476264089345932,-0.4550994336605072,0.6937618255615234,0.5581926703453064
300,1648804494.6108987,273.0285949707031,91.44412994384766,1379.2451171875,0.9533333778381348,0.29512161016464233,0.06370814144611359,0.28537580370903015,-0.9496961832046509,0.12898772954940796,0.09857044368982315,-0.10478754341602325,-0.9895976185798645
4,1648804494.6109066,198.09225463867188,-44.91801452636719,1444.5274658203125,0.2327374666929245,-0.9708235263824463,-0.05774880573153496,-0.8682097792625427,-0.23416033387184143,0.43747076392173767,-0.43822941184043884,-0.05167775601148605,-0.8973764181137085
410,1648804494.6109118,278.8923034667969,-179.0989532470703,1371.806884765625,0.2304268181324005,0.694322407245636,-0.6817770004272461,-0.8601008653640747,-0.18236203491687775,-0.47641435265541077,-0.455115407705307,0.6961755752563477,0.5551661849021912
300,1648804494.64072,273.0355529785156,91.4518814086914,1379.199951171875,0.9532807469367981,0.2950519919395447,0.06480824202299118,0.2853659987449646,-0.9499347805976868,0.12724046409130096,0.09910615533590317,-0.10280181467533112,-0.9897523522377014
4,1648804494.6407292,198.00930786132812,-44.864322662353516,1444.443603515625,0.23203226923942566,-0.9708538055419922,-0.06003250181674957,-0.8676518201828003,-0.2344760149717331,0.43840768933296204,-0.4397059381008148,-0.04963741824030876,-0.896769106388092
410,1648804494.640734,278.7941589355469,-179.3016815185547,1371.9517822265625,0.22998535633087158,0.6929998993873596,-0.6832699775695801,-0.8595167994499207,-0.18464887142181396,-0.4765874743461609,-0.4564400911331177,0.6968901753425598,0.5531785488128662
300,1648804494.6704512,273.03887939453125,91.44440460205078,1379.25048828125,0.9533164501190186,0.29509803652763367,0.06406950950622559,0.28550347685813904,-0.949913740158081,0.12708893418312073,0.0983642041683197,-0.10286390781402588,-0.9898199439048767
4,1648804494.6704595,198.08140563964844,-44.89242935180664,1444.505859375,0.23247893154621124,-0.9708295464515686,-0.05868198722600937,-0.8675939440727234,-0.23427090048789978,0.43863189220428467,-0.43958425521850586,-0.05106053873896599,-0.8967488408088684
410,1648804494.6704645,279.0466003417969,-179.63980102539062,1371.9886474609375,0.2274898737668991,0.694336473941803,-0.6827482581138611,-0.8597800135612488,-0.18596656620502472,-0.4755993187427521,-0.4571942985057831,0.6952073574066162,0.5546711087226868
300,1648804494.7009146,273.0447082519531,91.45364379882812,1379.2301025390625,0.9532619118690491,0.29507461190223694,0.06498268991708755,0.28540313243865967,-0.9499671459197998,0.1269151270389557,0.09918085485696793,-0.1024370864033699,-0.9897826910018921
4,1648804494.7009223,198.13011169433594,-44.89745330810547,1444.5357666015625,0.23265106976032257,-0.9708492755889893,-0.05766421556472778,-0.8682712316513062,-0.2340497523546219,0.4374079704284668,-0.4381535053253174,-0.05169525742530823,-0.8974124193191528
410,1648804494.7009277,279.253173828125,-179.76820373535156,1371.8515625,0.22651273012161255,0.6965352296829224,-0.6808308362960815,-0.86048424243927,-0.1843988299369812,-0.47493577003479004,-0.45635393261909485,0.6934232115745544,0.5575889348983765
300,1648804494.7312787,273.0406494140625,91.44530487060547,1379.27490234375,0.9533918499946594,0.29500308632850647,0.0633811205625534,0.28537431359291077,-0.949808657169342,0.1281602382659912,0.09800760447978973,-0.1040995866060257,-0.9897261261940002
4,1648804494.7312863,198.15670776367188,-44.92746353149414,1444.6141357421875,0.23309646546840668,-0.9708507061004639,-0.05581209063529968,-0.8683257102966309,-0.23363295197486877,0.4375227093696594,-0.4378087520599365,-0.05352191999554634,-0.8974736332893372
410,1648804494.7312915,279.0819396972656,-179.50750732421875,1371.7470703125,0.2282891422510147,0.6955776214599609,-0.6812164187431335,-0.8606826066970825,-0.1828773021697998,-0.4751645028591156,-0.45509281754493713,0.6947860717773438,0.5569226741790771
300,1648804494.7624876,273.0359802246094,91.45528411865234,1379.233642578125,0.9533067941665649,0.29512736201286316,0.06407837569713593,0.2853836715221405,-0.9497496485710144,0.12857592105865479,0.09880468994379044,-0.10428536683320999,-0.9896273016929626
4,1648804494.7624953,198.1713104248047,-44.8885498046875,1444.5986328125,0.23331230878829956,-0.9706994295120239,-0.057514846324920654,-0.8679479360580444,-0.23455430567264557,0.4377792477607727,-0.4384424388408661,-0.05221939459443092,-0.8972409963607788
410,1648804494.7624998,278.8494567871094,-179.2230682373047,1371.88623046875,0.23002919554710388,0.6938223242759705,-0.6824200749397278,-0.8602368831634521,-0.1829276978969574,-0.47595158219337463,-0.45505937933921814,0.6965256929397583,0.5547728538513184
300,1648804494.7929945,273.0380859375,91.45384216308594,1379.2686767578125,0.9533478617668152,0.2950805127620697,0.0636817142367363,0.28541824221611023,-0.9497931003570557,0.12817753851413727,0.09830714762210846,-0.10402186214923859,-0.9897046089172363
4,1648804494.7930021,198.21844482421875,-44.85087966918945,1444.5087890625,0.23393452167510986,-0.970518946647644,-0.058031581342220306,-0.8678780794143677,-0.2353532761335373,0.4374887943267822,-0.4382490813732147,-0.05197939649224281,-0.8973493576049805
410,1648804494.7930086,278.93316650390625,-179.23915100097656,1372.2216796875,0.2295396775007248,0.6940897107124329,-0.6823129653930664,-0.8591519594192505,-0.1849181354045868,-0.4771406352519989,-0.4573504626750946,0.6957332491874695,0.5538824796676636
300,1648804494.8225608,273.030029296875,91.4581069946289,1379.2767333984375,0.9533882737159729,0.2949925661087036,0.06348352134227753,0.28541210293769836,-0.9498775005340576,0.12756457924842834,0.09793216735124588,-0.10349960625171661,-0.98979651927948
4,1648804494.8225684,198.4761199951172,-44.84443283081055,1444.6104736328125,0.23633959889411926,-0.9700036644935608,-0.0568905733525753,-0.8678979873657227,-0.23706386983394623,0.4365246593952179,-0.4369172155857086,-0.05379284918308258,-0.8978918194770813
410,1648804494.8225737,279.3985290527344,-179.30429077148438,1372.1651611328125,0.22709541022777557,0.6971287727355957,-0.6800287365913391,-0.8602580428123474,-0.18370956182479858,-0.475612074136734,-0.4564906656742096,0.6930095553398132,0.557991087436676
300,1648804494.8530562,273.037353515625,91.46339416503906,1379.248291015625,0.9532849788665771,0.29511356353759766,0.06446479260921478,0.28538209199905396,-0.9498212933540344,0.12804922461509705,0.09901909530162811,-0.10367030650377274,-0.9896705150604248
4,1648804494.8530636,198.78677368164062,-44.84005355834961,1444.6690673828125,0.23780153691768646,-0.9696651697158813,-0.05656725540757179,-0.8679718375205994,-0.23828041553497314,0.4357147216796875,-0.4359762668609619,-0.054514847695827484,-0.8983055353164673
410,1648804494.8530684,279.69549560546875,-179.0101776123047,1371.92236328125,0.22647961974143982,0.7004365921020508,-0.676827609539032,-0.8613798022270203,-0.18034414947032928,-0.4748692512512207,-0.4546777009963989,0.6905538439750671,0.5624976754188538
300,1648804494.8826518,273.0387268066406,91.45955657958984,1379.28515625,0.9533500671386719,0.2950950562953949,0.063581183552742,0.2854952812194824,-0.9498406052589417,0.12765289843082428,0.09806173294782639,-0.10354577004909515,-0.9897788763046265
4,1648804494.8826597,198.73634338378906,-44.78559494018555,1444.5955810546875,0.23784901201725006,-0.9694952368736267,-0.05921854078769684,-0.867392897605896,-0.23944559693336487,0.43622851371765137,-0.4371010959148407,-0.05239078029990196,-0.8978852033615112
410,1648804494.8826644,279.2508239746094,-178.45745849609375,1372.2652587890625,0.2306174486875534,0.6998795866966248,-0.676006019115448,-0.8593621850013733,-0.17937245965003967,-0.4788759648799896,-0.4564123749732971,0.6913711428642273,0.5600836277008057
300,1648804494.915084,273.03863525390625,91.46945190429688,1379.2667236328125,0.9533916115760803,0.2949959933757782,0.06341736763715744,0.285357803106308,-0.9498059153556824,0.1282171905040741,0.09805774688720703,-0.10414455085992813,-0.9897164106369019
4,1648804494.9150915,198.7298126220703,-44.83725357055664,1444.7232666015625,0.2377253621816635,-0.9697349071502686,-0.05568549036979675,-0.8672407865524292,-0.23772063851356506,0.43747270107269287,-0.43747013807296753,-0.05570562928915024,-0.8975058794021606
410,1648804494.9150968,279.8299560546875,-178.74591064453125,1372.4755859375,0.22564761340618134,0.7017188668251038,-0.6757764220237732,-0.8602991700172424,-0.18196235597133636,-0.4762090742588043,-0.4571307599544525,0.6888253092765808,0.5626287460327148
300,1648804494.9445484,273.0317687988281,91.46537017822266,1379.3314208984375,0.9535133242607117,0.2948814928531647,0.062106385827064514,0.2853204309940338,-0.9497328400611877,0.12884026765823364,0.09697708487510681,-0.10513069480657578,-0.9897186160087585
4,1648804494.944556,198.87667846679688,-44.85300064086914,1444.794677734375,0.23883245885372162,-0.9693613648414612,-0.057424698024988174,-0.8678984642028809,-0.2396109402179718,0.4351308047771454,-0.435558557510376,-0.054084550589323044,-0.8985341191291809
410,1648804494.9445605,279.3780822753906,-178.1639862060547,1372.83154296875,0.23196864128112793,0.6997978091239929,-0.6756282448768616,-0.8600190281867981,-0.17697906494140625,-0.47858715057373047,-0.45448631048202515,0.6920703649520874,0.5607858896255493
300,1648804494.97517,273.02685546875,91.45931243896484,1379.25341796875,0.9534589648246765,0.2949671745300293,0.06253287941217422,0.2854235768318176,-0.9497883915901184,0.12820036709308624,0.09720790386199951,-0.10438542813062668,-0.9897748827934265
4,1648804494.9751775,198.73983764648438,-44.9229850769043,1444.803955078125,0.23684673011302948,-0.9698895812034607,-0.05672596022486687,-0.8680054545402527,-0.23747220635414124,0.43608880043029785,-0.43642881512641907,-0.05404776334762573,-0.8981139659881592
410,1648804494.9751837,279.8662109375,-178.33517456054688,1372.70458984375,0.22682976722717285,0.7024708986282349,-0.6745983362197876,-0.8606112003326416,-0.17970283329486847,-0.4765031933784485,-0.4559568464756012,0.688651978969574,0.56379234790802
300,1648804495.0046875,273.0327453613281,91.45574188232422,1379.230224609375,0.9533783793449402,0.29508164525032043,0.0632174089550972,0.2854194939136505,-0.949726402759552,0.1286678910255432,0.09800677746534348,-0.10462570935487747,-0.9896706938743591
4,1648804495.0046961,198.72299194335938,-44.99583053588867,1444.8739013671875,0.23720385134220123,-0.96974778175354,-0.05765022709965706,-0.8679943084716797,-0.23821665346622467,0.4357048273086548,-0.4362570345401764,-0.05331078916788101,-0.8982414603233337
410,1648804495.0047014,279.5835876464844,-177.86758422851562,1373.1251220703125,0.23114950954914093,0.7000137567520142,-0.6756852865219116,-0.8584728837013245,-0.18005113303661346,-0.4802144765853882,-0.45781463384628296,0.6910588145256042,0.5593240857124329
300,1648804495.0345223,273.03765869140625,91.4595718383789,1379.2545166015625,0.9533690214157104,0.29504403471946716,0.0635334774851799,0.28534725308418274,-0.9497460722923279,0.12868303060531616,0.09830783307552338,-0.10455331206321716,-0.9896485209465027
4,1648804495.0345297,198.64984130859375,-45.02145004272461,1444.8372802734375,0.2367096096277237,-0.969943642616272,-0.05637254938483238,-0.8685802817344666,-0.23725782334804535,0.4350598454475403,-0.43535834550857544,-0.05401875823736191,-0.8986350893974304
410,1648804495.0345342,279.886962890625,-178.0210723876953,1372.871826171875,0.22718779742717743,0.702555239200592,-0.6743899583816528,-0.8605373501777649,-0.17937257885932922,-0.4767608344554901,-0.4559178948402405,0.6886520385742188,0.5638237595558167
300,1648804495.0671563,273.031982421875,91.45856475830078,1379.2562255859375,0.9533923268318176,0.29502230882644653,0.06328414380550385,0.28543007373809814,-0.9498279690742493,0.12789274752140045,0.09784025698900223,-0.103868767619133,-0.9897668957710266
4,1648804495.0671637,198.74798583984375,-44.973114013671875,1444.790283203125,0.23785768449306488,-0.9695981740951538,-0.05747279152274132,-0.8682758212089539,-0.23877659440040588,0.43483662605285645,-0.43533992767333984,-0.053526997566223145,-0.8986734747886658
410,1648804495.0671685,279.5232238769531,-177.64022827148438,1373.415283203125,0.23306159675121307,0.7005191445350647,-0.6745036840438843,-0.8584070801734924,-0.17773351073265076,-0.48119446635246277,-0.456967830657959,0.6911466717720032,0.5599077343940735
300,1648804495.097187,273.03924560546875,91.45423126220703,1379.2425537109375,0.9534004330635071,0.29496756196022034,0.06341733038425446,0.2854105234146118,-0.9499002695083618,0.1273980587720871,0.09781843423843384,-0.10336139053106308,-0.9898222088813782
4,1648804495.0971944,198.9729766845703,-44.994503021240234,1444.898193359375,0.23869407176971436,-0.9695146679878235,-0.055375389754772186,-0.8682529330253601,-0.2386077642440796,0.43497493863105774,-0.4349275827407837,-0.05574609339237213,-0.8987382054328918
410,1648804495.0971997,280.00494384765625,-178.00140380859375,1373.01611328125,0.2287258356809616,0.7033138275146484,-0.6730781197547913,-0.8617284297943115,-0.17538218200206757,-0.47609373927116394,-0.45288920402526855,0.6889054775238037,0.5659510493278503
300,1648804495.1266112,273.0431213378906,91.4549331665039,1379.2615966796875,0.9534286260604858,0.29499223828315735,0.06287647038698196,0.2853269875049591,-0.949700117111206,0.12906664609909058,0.09778744727373123,-0.10511547327041626,-0.9896405339241028
4,1648804495.126619,198.9833984375,-44.9176139831543,1444.7882080078125,0.2399512678384781,-0.9690924882888794,-0.05729903653264046,-0.8678396344184875,-0.2405836135149002,0.4347112774848938,-0.43506062030792236,-0.054583143442869186,-0.8987451791763306
410,1648804495.1266246,279.59442138671875,-177.52413940429688,1373.57666015625,0.2312702238559723,0.7013522982597351,-0.6742544174194336,-0.8581860065460205,-0.17940090596675873,-0.48096996545791626,-0.45829126238822937,0.6898697018623352,0.560400664806366
300,1648804495.1566958,273.0447082519531,91.46234893798828,1379.2506103515625,0.9533517360687256,0.2950684130191803,0.06367968767881393,0.28540170192718506,-0.949791669845581,0.1282249242067337,0.09831756353378296,-0.10406915098428726,-0.989698588848114
4,1648804495.1567037,199.2060089111328,-44.94831085205078,1444.873779296875,0.24013195931911469,-0.9692173600196838,-0.05435442924499512,-0.8683827519416809,-0.23950092494487762,0.43422430753707886,-0.4338756501674652,-0.05707068368792534,-0.8991634249687195
410,1648804495.1567082,279.88629150390625,-177.702392578125,1373.1077880859375,0.2282802015542984,0.705375611782074,-0.6710688471794128,-0.860560417175293,-0.17616677284240723,-0.4779132008552551,-0.4553283452987671,0.6865934133529663,0.566802978515625
300,1648804495.1863558,273.0440368652344,91.45964813232422,1379.3131103515625,0.9534119367599487,0.294956237077713,0.06329680234193802,0.2853105068206787,-0.9497923254966736,0.1284227818250656,0.09799791872501373,-0.10438057035207748,-0.9896974563598633
4,1648804495.186368,198.90675354003906,-44.851356506347656,1444.7330322265625,0.23702427744865417,-0.9696996808052063,-0.059177834540605545,-0.8676325678825378,-0.2386937141418457,0.4361640214920044,-0.4370734989643097,-0.052036844193935394,-0.897919237613678
410,1648804495.1863732,279.5855712890625,-177.2437744140625,1373.519287109375,0.23050238192081451,0.6996552348136902,-0.6762775182723999,-0.8599633574485779,-0.17874275147914886,-0.4780314266681671,-0.45533686876296997,0.6917612552642822,0.5604771971702576
300,1648804495.2189739,273.0380859375,91.45218658447266,1379.2821044921875,0.9533857107162476,0.29502996802330017,0.06334806978702545,0.28535041213035583,-0.9497419595718384,0.12870661914348602,0.09813662618398666,-0.10463065654039383,-0.9896573424339294
4,1648804495.218982,199.09742736816406,-44.92972946166992,1444.9010009765625,0.24018628895282745,-0.969210684299469,-0.054232388734817505,-0.8675424456596375,-0.2393856793642044,0.43596401810646057,-0.43552345037460327,-0.0576636828482151,-0.8983285427093506
410,1648804495.2189872,279.4938659667969,-177.03546142578125,1373.375244140625,0.22941744327545166,0.7025424242019653,-0.6736481189727783,-0.8602717518806458,-0.17739558219909668,-0.4779784083366394,-0.45530229806900024,0.6891770362854004,0.5636797547340393
300,1648804495.2486095,273.0359802246094,91.44495391845703,1379.285888671875,0.9534196853637695,0.29500019550323486,0.06297457963228226,0.28539547324180603,-0.949776828289032,0.12834861874580383,0.0976746678352356,-0.10439743846654892,-0.9897276759147644
4,1648804495.2486174,198.77468872070312,-44.939414978027344,1444.782958984375,0.23857711255550385,-0.9694755673408508,-0.056551504880189896,-0.8675805926322937,-0.23894232511520386,0.4361312985420227,-0.436331182718277,-0.05498795956373215,-0.8981043696403503
410,1648804495.2486222,279.3503112792969,-176.62083435058594,1373.6822509765625,0.22815202176570892,0.6982872486114502,-0.6784847974777222,-0.8608644604682922,-0.18085157871246338,-0.47561025619506836,-0.45481762290000916,0.6925948858261108,0.5598689913749695
300,1648804495.2791755,273.0325622558594,91.45313262939453,1379.264892578125,0.9533892273902893,0.2949890196323395,0.06348586827516556,0.2853255569934845,-0.949790894985199,0.12839999794960022,0.09817489236593246,-0.10430103540420532,-0.9896883368492126
4,1648804495.2791834,198.91677856445312,-45.00325393676758,1444.9288330078125,0.23775562644004822,-0.9697911143302917,-0.05456627532839775,-0.8683568239212036,-0.2373879998922348,0.4354346692562103,-0.43523406982421875,-0.056144047528505325,-0.8985650539398193
410,1648804495.2791884,279.0352478027344,-176.14576721191406,1373.9903564453125,0.23001116514205933,0.6974284648895264,-0.6787402629852295,-0.8597633242607117,-0.18114350736141205,-0.4774872362613678,-0.455962598323822,0.6933833956718445,0.5579584240913391
300,1648804495.31074,273.03216552734375,91.4495620727539,1379.2724609375,0.9533725380897522,0.2950311601161957,0.06354039162397385,0.28532838821411133,-0.9497445225715637,0.1287364810705185,0.09832841157913208,-0.10460395365953445,-0.9896411299705505
4,1648804495.3107476,198.73968505859375,-44.99058151245117,1444.8133544921875,0.23662930727005005,-0.9700159430503845,-0.055458914488554,-0.868867039680481,-0.236809641122818,0.43473127484321594,-0.434829443693161,-0.054683733731508255,-0.8988509774208069
410,1648804495.310753,279.0550231933594,-175.81382751464844,1374.04248046875,0.22471366822719574,0.6960263848304749,-0.6819465160369873,-0.8607129454612732,-0.1863078773021698,-0.47377488017082214,-0.4568118155002594,0.693423867225647,0.5572129487991333
300,1648804495.340593,273.0264892578125,91.45872497558594,1379.240966796875,0.9533528089523315,0.295061320066452,0.06369653344154358,0.28538021445274353,-0.9497809410095215,0.128352090716362,0.09836949408054352,-0.10418709367513657,-0.9896810054779053
4,1648804495.3406012,198.7728729248047,-45.00474166870117,1444.843994140625,0.2385101616382599,-0.9696365594863892,-0.05401705205440521,-0.8684983253479004,-0.23785963654518127,0.43489474058151245,-0.4345383048057556,-0.05681309103965759,-0.8988596796989441
410,1648804495.340606,278.43756103515625,-174.94058227539062,1374.548828125,0.23118948936462402,0.6927131414413452,-0.6831544041633606,-0.8594209551811218,-0.1837112307548523,-0.47712239623069763,-0.4560120701789856,0.6974229216575623,0.5528600811958313
300,1648804495.370336,273.03765869140625,91.46260833740234,1379.2342529296875,0.953342616558075,0.29497548937797546,0.06424377113580704,0.2853330075740814,-0.9499241709709167,0.12739357352256775,0.09860469400882721,-0.10311885923147202,-0.989769458770752
4,1648804495.3703437,198.8268280029297,-45.03366470336914,1444.9305419921875,0.23838146030902863,-0.9696929454803467,-0.0535714365541935,-0.8690228462219238,-0.23760926723480225,0.43398281931877136,-0.4335591495037079,-0.056898653507232666,-0.8993269801139832
410,1648804495.3703485,278.75860595703125,-174.8649139404297,1374.289306640625,0.22638773918151855,0.6943674087524414,-0.6830830574035645,-0.8615303635597229,-0.18444262444972992,-0.4730184078216553,-0.454438179731369,0.695582389831543,0.5564630627632141
300,1648804495.4012916,273.03692626953125,91.46598815917969,1379.2589111328125,0.9533600211143494,0.29497700929641724,0.06397805362939835,0.28532007336616516,-0.949871301651001,0.1278163343667984,0.09847380220890045,-0.10360077023506165,-0.9897322058677673
4,1648804495.4012997,198.79527282714844,-44.96913528442383,1444.8817138671875,0.2389272302389145,-0.9692498445510864,-0.058894578367471695,-0.867437481880188,-0.24030229449272156,0.4356685280799866,-0.4364241361618042,-0.05300571024417877,-0.8981783390045166
410,1648804495.4013095,278.1754455566406,-174.0188751220703,1374.84716796875,0.22992804646492004,0.6927064061164856,-0.683586835861206,-0.8573698997497559,-0.18817685544490814,-0.47906818985939026,-0.46048879623413086,0.6962379813194275,0.5506384968757629
300,1648804495.4311194,273.0388488769531,91.46318817138672,1379.3134765625,0.953447699546814,0.29490983486175537,0.0629735141992569,0.2853683531284332,-0.9498708844184875,0.12771156430244446,0.09748010337352753,-0.10379564017057419,-0.9898101091384888
4,1648804495.4311275,199.06686401367188,-45.02811813354492,1445.0137939453125,0.23919503390789032,-0.9695448875427246,-0.05261648818850517,-0.8681812882423401,-0.23782454431056976,0.43554648756980896,-0.4347953796386719,-0.058499909937381744,-0.8986271619796753
410,1648804495.4311326,278.5566101074219,-174.06690979003906,1374.4332275390625,0.22662568092346191,0.6959930062294006,-0.6813475489616394,-0.8603398203849792,-0.1848767250776291,-0.4750116169452667,-0.4565700590610504,0.6938402652740479,0.5568926930427551
300,1648804495.4628682,273.0455322265625,91.46758270263672,1379.3096923828125,0.9533763527870178,0.29500994086265564,0.06358238309621811,0.28536534309387207,-0.9498185515403748,0.12810680270195007,0.0981845036149025,-0.10398977994918823,-0.9897201061248779
4,1648804495.462876,198.83546447753906,-44.89392852783203,1444.7994384765625,0.23812778294086456,-0.969514787197113,-0.05776026472449303,-0.8678500652313232,-0.239103302359581,0.4355064332485199,-0.43604061007499695,-0.053578931838274,-0.8983306288719177
410,1648804495.4628806,278.3682556152344,-173.53433227539062,1374.73095703125,0.22828081250190735,0.6932123899459839,-0.6836259365081787,-0.8604952096939087,-0.18481872975826263,-0.4747525751590729,-0.45545125007629395,0.6966337561607361,0.5543153882026672
300,1648804495.4928818,273.0458068847656,91.4627685546875,1379.2803955078125,0.9533353447914124,0.29502367973327637,0.06413090974092484,0.2853945195674896,-0.9499081373214722,0.12737539410591125,0.09849723428487778,-0.10312885046005249,-0.9897791147232056
4,1648804495.4928894,199.26039123535156,-44.96524429321289,1445.075927734375,0.2417423129081726,-0.968860387802124,-0.05357421189546585,-0.8675546646118164,-0.24053604900836945,0.43530601263046265,-0.43463727831840515,-0.058753326535224915,-0.8986870646476746
410,1648804495.4928944,278.47918701171875,-173.40382385253906,1374.6556396484375,0.22710944712162018,0.6983930468559265,-0.6787256002426147,-0.859491765499115,-0.18396882712841034,-0.4768955707550049,-0.45792490243911743,0.6916665434837341,0.5584819912910461
300,1648804495.5224648,273.0327453613281,91.45861053466797,1379.306396484375,0.9534480571746826,0.29496002197265625,0.0627325028181076,0.28538423776626587,-0.9497848153114319,0.12831473350524902,0.09743009507656097,-0.10443856567144394,-0.9897474050521851
4,1648804495.5224724,199.1536102294922,-44.944419860839844,1444.9625244140625,0.24188321828842163,-0.9687856435775757,-0.05428571254014969,-0.8671827912330627,-0.240936741232872,0.43582504987716675,-0.43530046939849854,-0.05834313482046127,-0.8983927965164185
410,1648804495.5224776,278.70819091796875,-173.31011962890625,1374.8607177734375,0.22568894922733307,0.695209264755249,-0.6824577450752258,-0.8601247072219849,-0.18673962354660034,-0.47467225790023804,-0.45743846893310547,0.694127082824707,0.5558216571807861
300,1648804495.5530481,273.042724609375,91.46222686767578,1379.2724609375,0.9533872008323669,0.29498055577278137,0.06355565041303635,0.2853756844997406,-0.949865460395813,0.127735435962677,0.09804878383874893,-0.10364409536123276,-0.9897698163986206
4,1648804495.5530565,199.3463897705078,-44.969749450683594,1445.0157470703125,0.24071647226810455,-0.9691763520240784,-0.05246696621179581,-0.8688879013061523,-0.23926684260368347,0.4333418607711792,-0.4325382709503174,-0.05872460827231407,-0.8997011184692383
410,1648804495.553061,278.5876159667969,-173.10293579101562,1375.10595703125,0.22998768091201782,0.6968980431556702,-0.6792928576469421,-0.8593523502349854,-0.18216629326343536,-0.47783780097961426,-0.45674851536750793,0.6936486959457397,0.5569849610328674
300,1648804495.582679,273.0437927246094,91.46187591552734,1379.2718505859375,0.9533939957618713,0.2949467599391937,0.06361091136932373,0.2854113280773163,-0.9499564170837402,0.12697716057300568,0.09787909686565399,-0.10290399193763733,-0.9898638725280762
4,1648804495.5826867,199.39764404296875,-44.96896743774414,1445.052001953125,0.2406734824180603,-0.9692131876945496,-0.05198201164603233,-0.8683342337608337,-0.23893415927886963,0.43463334441185,-0.43367263674736023,-0.05946696177124977,-0.8991060853004456
410,1648804495.5826917,278.9813232421875,-173.14710998535156,1374.9898681640625,0.22519822418689728,0.6977887153625488,-0.6799828410148621,-0.8606176972389221,-0.18471337854862213,-0.47457149624824524,-0.45675256848335266,0.6920779347419739,0.5589321851730347
300,1648804495.615151,273.04876708984375,91.46315002441406,1379.2281494140625,0.9532921314239502,0.2950439155101776,0.06467805802822113,0.28533485531806946,-0.9498950839042664,0.1276060938835144,0.09908677637577057,-0.10319098085165024,-0.9897137880325317
4,1648804495.6151588,199.1634979248047,-44.84341812133789,1444.8564453125,0.24053990840911865,-0.968943178653717,-0.057355474680662155,-0.8668221235275269,-0.24102604389190674,0.4364927113056183,-0.436760812997818,-0.05527692288160324,-0.8978777527809143
410,1648804495.6151638,278.78765869140625,-172.70059204101562,1375.402099609375,0.2269238829612732,0.6974765062332153,-0.6797294020652771,-0.8582260608673096,-0.18671652674674988,-0.4781055450439453,-0.4603841006755829,0.6918550729751587,0.556222140789032
300,1648804495.6448557,273.0517883300781,91.46585845947266,1379.2855224609375,0.9533106088638306,0.29507288336753845,0.06427231431007385,0.2853768467903137,-0.9498433470726013,0.1278972178697586,0.09878763556480408,-0.10358394682407379,-0.9897026419639587
4,1648804495.6448636,199.48983764648438,-44.88668441772461,1445.0010986328125,0.2413547784090042,-0.9689351916313171,-0.05396682024002075,-0.8677675724029541,-0.24038103222846985,0.4349670708179474,-0.43442752957344055,-0.058150727301836014,-0.8988276720046997
410,1648804495.6448681,278.7024230957031,-172.51296997070312,1375.247802734375,0.2283930778503418,0.7018070816993713,-0.6747617125511169,-0.857715368270874,-0.1828586608171463,-0.4805070459842682,-0.4606092870235443,0.6884980201721191,0.5601871013641357
300,1648804495.6745403,273.04425048828125,91.46485900878906,1379.28076171875,0.9534029960632324,0.29490816593170166,0.06365451961755753,0.2852708101272583,-0.9498664736747742,0.12796175479888916,0.09820026159286499,-0.10384034365415573,-0.9897342324256897
4,1648804495.6745481,199.67845153808594,-44.914794921875,1445.049072265625,0.2430449277162552,-0.9686312675476074,-0.05179368332028389,-0.8685256242752075,-0.2410830557346344,0.43306148052215576,-0.4319634735584259,-0.06026925519108772,-0.8998751044273376
410,1648804495.6745532,279.00433349609375,-172.46279907226562,1375.1387939453125,0.226734921336174,0.6994288563728333,-0.6777836084365845,-0.8595864772796631,-0.18349505960941315,-0.4769074022769928,-0.4579327404499054,0.6907451748847961,0.5596148371696472
300,1648804495.705102,273.0465087890625,91.45636749267578,1379.3099365234375,0.9533960223197937,0.2949840724468231,0.06340653449296951,0.2853397727012634,-0.9498013854026794,0.12829074263572693,0.09806734323501587,-0.1042194813489914,-0.9897075891494751
4,1648804495.7051103,199.2667694091797,-44.81022262573242,1444.844970703125,0.24016161262989044,-0.9690613150596619,-0.056943826377391815,-0.8672119975090027,-0.24053972959518433,0.4359862506389618,-0.43619465827941895,-0.05532479286193848,-0.8981499671936035
410,1648804495.7051153,278.8129577636719,-171.99957275390625,1375.457275390625,0.22890454530715942,0.7000058889389038,-0.6764572858810425,-0.8579241633415222,-0.18328185379505157,-0.47997283935546875,-0.45996615290641785,0.6902169585227966,0.5585979223251343
300,1648804495.7347803,273.04571533203125,91.46449279785156,1379.268310546875,0.9533094167709351,0.2950893044471741,0.0642145425081253,0.2853444814682007,-0.9497790336608887,0.12844574451446533,0.09889259934425354,-0.10412526875734329,-0.9896354079246521
4,1648804495.7347877,199.5054473876953,-44.87532043457031,1444.992431640625,0.24342213571071625,-0.9684940576553345,-0.052582405507564545,-0.8676143288612366,-0.24166066944599152,0.4345635771751404,-0.43357935547828674,-0.060161150991916656,-0.89910489320755
410,1648804495.7347925,278.5988464355469,-171.48001098632812,1375.79541015625,0.23001255095005035,0.6994083523750305,-0.6766995191574097,-0.8551288843154907,-0.18670214712619781,-0.48362886905670166,-0.46459531784057617,0.6899060010910034,0.5551404356956482
300,1648804495.7663665,273.0446472167969,91.4606704711914,1379.2833251953125,0.9533585906028748,0.29506179690361023,0.06360767036676407,0.28547176718711853,-0.9498644471168518,0.12752793729305267,0.09804728627204895,-0.1034216582775116,-0.9897932410240173
4,1648804495.766374,199.52137756347656,-44.93535614013672,1445.060546875,0.24234965443611145,-0.9688525199890137,-0.050905741751194,-0.8681329488754272,-0.2399829626083374,0.4344574809074402,-0.4331417679786682,-0.06109766662120819,-0.8992526531219482
410,1648804495.7663796,278.46417236328125,-171.09243774414062,1375.3472900390625,0.22755272686481476,0.7043784856796265,-0.6723620891571045,-0.85902339220047,-0.1799655556678772,-0.4792611002922058,-0.45858320593833923,0.6866319179534912,0.5641259551048279
300,1648804495.7968798,273.0419921875,91.46404266357422,1379.2728271484375,0.9533970952033997,0.2949506938457489,0.06354548782110214,0.28543928265571594,-0.9499713182449341,0.12680263817310333,0.0977669209241867,-0.10275489836931229,-0.989890456199646
4,1648804495.7968879,199.39007568359375,-44.94719696044922,1445.0155029296875,0.24244344234466553,-0.9688002467155457,-0.051451798528432846,-0.8674631714820862,-0.24022118747234344,0.43566209077835083,-0.4344293475151062,-0.06099087372422218,-0.8986385464668274
300,1648804495.8263102,273.0340881347656,91.4616928100586,1379.280029296875,0.9534116387367249,0.2950087785720825,0.06305588036775589,0.28541162610054016,-0.9497941136360168,0.12818500399589539,0.09770580381155014,-0.10421619564294815,-0.989743709564209
4,1648804495.826318,199.3468017578125,-44.93458938598633,1444.96728515625,0.24335122108459473,-0.9685048460960388,-0.05271204188466072,-0.8678975105285645,-0.24169203639030457,0.433980256319046,-0.43305203318595886,-0.05986097455024719,-0.8993790149688721
300,1648804495.8564796,273.0509948730469,91.47294616699219,1379.286376953125,0.9532928466796875,0.2950657308101654,0.06456761807203293,0.2852281630039215,-0.9497385621070862,0.12900197505950928,0.09938642382621765,-0.10456015914678574,-0.9895400404930115
4,1648804495.856488,199.43728637695312,-44.99248123168945,1445.09130859375,0.24174170196056366,-0.9689560532569885,-0.051817886531353,-0.8681498169898987,-0.23982857167720795,0.4345090985298157,-0.43344762921333313,-0.060053277760744095,-0.8991755843162537
300,1648804495.8870687,273.04132080078125,91.4675521850586,1379.3155517578125,0.953449547290802,0.2949230372905731,0.06288372725248337,0.2854498326778412,-0.9499267339706421,0.12711234390735626,0.09722329676151276,-0.10324506461620331,-0.9898929595947266
4,1648804495.8870764,199.50828552246094,-45.03538131713867,1445.1424560546875,0.24235573410987854,-0.968949019908905,-0.04900525510311127,-0.8686017394065857,-0.23920395970344543,0.4339497983455658,-0.4321974813938141,-0.06260417401790619,-0.8996032476425171
300,1648804495.918686,273.03924560546875,91.45637512207031,1379.33837890625,0.9534944891929626,0.29493752121925354,0.06213010475039482,0.2853515148162842,-0.9496927857398987,0.12906652688980103,0.097071073949337,-0.1053352952003479,-0.9896876811981201
4,1648804495.9186945,199.09451293945312,-44.959102630615234,1444.9554443359375,0.2387775480747223,-0.9694466590881348,-0.05620037019252777,-0.8681709170341492,-0.23904481530189514,0.43489864468574524,-0.43504542112350464,-0.0550525039434433,-0.8987239003181458
300,1648804495.949114,273.0369567871094,91.4631118774414,1379.2559814453125,0.9534274935722351,0.29492485523223877,0.06320846080780029,0.2853396534919739,-0.9498534202575684,0.12790518999099731,0.09776119142770767,-0.10391245037317276,-0.9897701740264893
4,1648804495.9491217,199.36819458007812,-45.026649475097656,1445.1273193359375,0.24117866158485413,-0.9690857529640198,-0.05201580747961998,-0.8676473498344421,-0.23932446539402008,0.4357888400554657,-0.43476542830467224,-0.05997159332036972,-0.8985446095466614
300,1648804495.9788775,273.04022216796875,91.46148681640625,1379.2342529296875,0.9533703327178955,0.2949964106082916,0.06373460590839386,0.2853723466396332,-0.9498658180236816,0.1277402639389038,0.09822224080562592,-0.10359568148851395,-0.9897577166557312
4,1648804495.9788857,199.46910095214844,-45.08440017700195,1445.2340087890625,0.2421686053276062,-0.9689265489578247,-0.050355713814496994,-0.8684036731719971,-0.23960614204406738,0.4341243505477905,-0.43270015716552734,-0.06140220910310745,-0.8994444608688354
300,1648804496.0111983,273.04583740234375,91.46478271484375,1379.2911376953125,0.9534183144569397,0.2948939800262451,0.06349103897809982,0.2852242588996887,-0.9498130679130554,0.12846097350120544,0.09818699210882187,-0.10436785966157913,-0.9896801114082336
4,1648804496.0112064,199.3975830078125,-45.066078186035156,1445.17431640625,0.24210554361343384,-0.9688823223114014,-0.051497530192136765,-0.8686966300010681,-0.2400996834039688,0.43326476216316223,-0.4321471154689789,-0.0601600743830204,-0.8997942209243774
300,1648804496.0409155,273.0431823730469,91.45408630371094,1379.3126220703125,0.9533830881118774,0.2950592637062073,0.06325150281190872,0.2854018807411194,-0.9497430324554443,0.12858419120311737,0.09801263362169266,-0.10453788936138153,-0.9896793961524963
4,1648804496.0409234,199.21240234375,-45.018253326416016,1445.0028076171875,0.24121716618537903,-0.9689161777496338,-0.05491567403078079,-0.8690678477287292,-0.2408498078584671,0.43210241198539734,-0.43189743161201477,-0.056505072861909866,-0.9001509547233582
300,1648804496.0707233,273.0469970703125,91.45513153076172,1379.29931640625,0.953335165977478,0.2950859069824219,0.06384626775979996,0.28537991642951965,-0.9497686624526978,0.12844373285770416,0.09854111820459366,-0.10422949492931366,-0.9896594882011414
4,1648804496.0707307,199.45111083984375,-45.03464889526367,1445.0941162109375,0.24116460978984833,-0.9690766334533691,-0.052250199019908905,-0.8690587878227234,-0.23961015045642853,0.43280914425849915,-0.43194490671157837,-0.058969754725694656,-0.8999701142311096
300,1648804496.1004217,273.041259765625,91.45361328125,1379.3021240234375,0.9533778429031372,0.2950069010257721,0.06357350945472717,0.2853930592536926,-0.9498507380485535,0.1278061717748642,0.09808903932571411,-0.10370413213968277,-0.9897595643997192
4,1648804496.1004293,199.52395629882812,-45.02703857421875,1445.1580810546875,0.24384331703186035,-0.9685638546943665,-0.049238625913858414,-0.8680135607719421,-0.24060991406440735,0.43434926867485046,-0.4325423240661621,-0.06317336857318878,-0.8993977308273315
300,1648804496.1307433,273.039794921875,91.45140838623047,1379.3245849609375,0.9534160494804382,0.2950032949447632,0.06301479041576385,0.2853487730026245,-0.9497284889221191,0.12880964577198029,0.09784621000289917,-0.10482799261808395,-0.9896652102470398
4,1648804496.1307511,199.18092346191406,-44.94902420043945,1444.9920654296875,0.23901896178722382,-0.9692385196685791,-0.05870798975229263,-0.8675909638404846,-0.24032199382781982,0.4353518784046173,-0.4360686242580414,-0.05312283709645271,-0.898344099521637
300,1648804496.1628866,273.0321960449219,91.4607162475586,1379.3048095703125,0.9533973336219788,0.29501616954803467,0.06323760002851486,0.2852991223335266,-0.9496899843215942,0.1292027235031128,0.09817300736904144,-0.10513990372419357,-0.9895997643470764
4,1648804496.1628945,199.41720581054688,-44.98982238769531,1445.0780029296875,0.24166272580623627,-0.9687420725822449,-0.05601697042584419,-0.867534875869751,-0.24155645072460175,0.4347801208496094,-0.43472105264663696,-0.056473471224308014,-0.8987927436828613
300,1648804496.1932714,273.0395202636719,91.4574966430664,1379.3055419921875,0.9533955454826355,0.2949909567832947,0.06338226795196533,0.28536105155944824,-0.9498111605644226,0.1281709522008896,0.09801045805215836,-0.10411078482866287,-0.9897246360778809
4,1648804496.193279,199.56089782714844,-45.02997970581055,1445.169189453125,0.24227342009544373,-0.9688354730606079,-0.05158919468522072,-0.868030846118927,-0.24020418524742126,0.434539258480072,-0.43338897824287415,-0.06049629673361778,-0.899174153804779
300,1648804496.222798,273.0400390625,91.46161651611328,1379.3121337890625,0.9533672332763672,0.2950638234615326,0.06346876919269562,0.2853439748287201,-0.9497063755989075,0.12898311018943787,0.09833494573831558,-0.10485783219337463,-0.9896135926246643
4,1648804496.222806,199.27874755859375,-45.01215362548828,1444.9931640625,0.2410246729850769,-0.9689511656761169,-0.05514270439743996,-0.8682051301002502,-0.24065960943698883,0.4339386522769928,-0.43373599648475647,-0.0567147471010685,-0.8992533087730408
300,1648804496.2532063,273.0472412109375,91.45602416992188,1379.3529052734375,0.9533494710922241,0.295126736164093,0.06344316154718399,0.2853308618068695,-0.9496027827262878,0.12977221608161926,0.09854505211114883,-0.10561597347259521,-0.9895120859146118
4,1648804496.253214,199.22813415527344,-45.008819580078125,1444.9925537109375,0.24255484342575073,-0.968601405620575,-0.054575420916080475,-0.8681323528289795,-0.2418176233768463,0.43344032764434814,-0.4330281913280487,-0.057754360139369965,-0.8995282053947449
300,1648804496.2827368,273.0440979003906,91.4780044555664,1379.305908203125,0.9533330202102661,0.2950735092163086,0.06393549591302872,0.2853398621082306,-0.949755847454071,0.12862753868103027,0.09867768734693527,-0.10438153892755508,-0.9896298050880432
4,1648804496.282745,199.36209106445312,-45.021881103515625,1445.146728515625,0.24161432683467865,-0.9688293933868408,-0.0546998493373394,-0.8680784106254578,-0.2409922033548355,0.4340076148509979,-0.4336615800857544,-0.05737869814038277,-0.8992470502853394
300,1648804496.3151379,273.04351806640625,91.4583511352539,1379.3651123046875,0.9534705877304077,0.2949214577674866,0.06257116049528122,0.28532058000564575,-0.9497458338737488,0.12874387204647064,0.09739603102207184,-0.10490065813064575,-0.9897019267082214
4,1648804496.3151455,199.5382843017578,-45.12482833862305,1445.241455078125,0.2430165857076645,-0.968690812587738,-0.05080442875623703,-0.868797779083252,-0.24065278470516205,0.4327546954154968,-0.43143171072006226,-0.06102778762578964,-0.900079071521759
300,1648804496.3447244,273.0436706542969,91.46068572998047,1379.31201171875,0.9533843398094177,0.29501375555992126,0.0634443610906601,0.2854219079017639,-0.9498535990715027,0.1277201622724533,0.0979420617222786,-0.10365798324346542,-0.9897789359092712
4,1648804496.344732,199.09231567382812,-44.99478530883789,1445.0162353515625,0.23778308928012848,-0.9695457816123962,-0.058653201907873154,-0.8677992224693298,-0.2391793429851532,0.4355659484863281,-0.43632975220680237,-0.05267101153731346,-0.8982439041137695
300,1648804496.375263,273.0385437011719,91.45825958251953,1379.3250732421875,0.9534414410591125,0.29498445987701416,0.06271807849407196,0.2854157090187073,-0.9497830867767334,0.12825749814510345,0.09740253537893295,-0.10438529402017593,-0.9897557497024536
4,1648804496.375271,199.30712890625,-45.03704833984375,1445.13330078125,0.24232621490955353,-0.9686381220817566,-0.05493812635540962,-0.8680369853973389,-0.24175480008125305,0.43366628885269165,-0.43334725499153137,-0.057400383055210114,-0.8993971943855286
300,1648804496.4047909,273.04193115234375,91.46685028076172,1379.2991943359375,0.9533938765525818,0.29502320289611816,0.06325717270374298,0.28537729382514954,-0.9497666954994202,0.12846389412879944,0.09797938913106918,-0.10442452132701874,-0.9896946549415588
4,1648804496.404799,199.4244842529297,-45.0987663269043,1445.1929931640625,0.24212689697742462,-0.9688064455986023,-0.05280724912881851,-0.8693644404411316,-0.24079598486423492,0.4315353333950043,-0.4307900071144104,-0.05857756733894348,-0.900549054145813
300,1648804496.4344745,273.04150390625,91.46320343017578,1379.2806396484375,0.9533857703208923,0.29501938819885254,0.06339660286903381,0.2853713035583496,-0.9497855305671692,0.12833818793296814,0.09807542711496353,-0.10426422953605652,-0.989702045917511
4,1648804496.4344816,199.1219024658203,-45.03866195678711,1445.0103759765625,0.24124214053153992,-0.9688001871109009,-0.05681885778903961,-0.8683574199676514,-0.24163110554218292,0.43309327960014343,-0.43331006169319153,-0.05514127016067505,-0.8995564579963684
300,1648804496.4672456,273.0349426269531,91.44649505615234,1379.2724609375,0.9534066915512085,0.2950333058834076,0.06301622092723846,0.28542742133140564,-0.9497718214988708,0.12831461429595947,0.09770812094211578,-0.10434944927692413,-0.9897294044494629
4,1648804496.4672532,199.1052703857422,-45.03627014160156,1444.9747314453125,0.24215947091579437,-0.9686031341552734,-0.056273847818374634,-0.8687285780906677,-0.24228714406490326,0.43198105692863464,-0.4320526123046875,-0.05572160333395004,-0.9001253247261047
300,1648804496.4967022,273.03094482421875,91.46998596191406,1379.2392578125,0.9533765912055969,0.29501616954803467,0.06354968994855881,0.28539586067199707,-0.9498377442359924,0.12789645791053772,0.0980934128165245,-0.10379666835069656,-0.9897494316101074
4,1648804496.4967098,199.1621551513672,-45.0255241394043,1445.00830078125,0.23988337814807892,-0.969205915927887,-0.055640559643507004,-0.869115948677063,-0.23994038999080658,0.4325113594532013,-0.43254297971725464,-0.055394191294908524,-0.899910032749176
300,1648804496.5271454,273.0338134765625,91.45797729492188,1379.2359619140625,0.9533230662345886,0.29505547881126404,0.06416696310043335,0.2853451371192932,-0.9498186111450195,0.12815138697624207,0.0987587422132492,-0.10385994613170624,-0.9896766543388367
4,1648804496.527154,199.33502197265625,-45.09984588623047,1445.1075439453125,0.24253398180007935,-0.9687646627426147,-0.05169380083680153,-0.868776798248291,-0.24059753119945526,0.4328276216983795,-0.4317454993724823,-0.06006503105163574,-0.899993360042572
300,1648804496.556369,273.0377197265625,91.45578002929688,1379.244140625,0.9533153176307678,0.2950921058654785,0.06411344558000565,0.28540560603141785,-0.9498252868652344,0.12796705961227417,0.09865864366292953,-0.1036946251988411,-0.9897039532661438
4,1648804496.5563776,198.8824920654297,-44.97754669189453,1444.8990478515625,0.2370976060628891,-0.9697245359420776,-0.05847233161330223,-0.8680976629257202,-0.23850014805793762,0.4353436231613159,-0.4361090660095215,-0.0524592399597168,-0.898363471031189
300,1648804496.5868669,273.04144287109375,91.47098541259766,1379.2613525390625,0.9533401727676392,0.29505378007888794,0.06391975283622742,0.2854178547859192,-0.9498624801635742,0.1276632696390152,0.09838250279426575,-0.10346268862485886,-0.9897556900978088
4,1648804496.586875,199.08670043945312,-45.030879974365234,1444.960693359375,0.23963576555252075,-0.9692327380180359,-0.05623696371912956,-0.8689619898796082,-0.23995719850063324,0.4328112304210663,-0.43298929929733276,-0.05484926700592041,-0.8997287750244141
300,1648804496.6184227,273.03839111328125,91.45299530029297,1379.2982177734375,0.9533919095993042,0.2950071096420288,0.06336169689893723,0.28541719913482666,-0.9498459100723267,0.12778814136981964,0.09788226336240768,-0.10374765843153,-0.9897754788398743
4,1648804496.6184304,199.15301513671875,-45.0476188659668,1445.0504150390625,0.24103198945522308,-0.9690089821815491,-0.054085105657577515,-0.868341326713562,-0.24021074175834656,0.4339149296283722,-0.4334592819213867,-0.05762305110692978,-0.8993290066719055
300,1648804496.649055,273.0381164550781,91.45982360839844,1379.2584228515625,0.953328013420105,0.2950175404548645,0.06426738202571869,0.28537270426750183,-0.9499126076698303,0.12739095091819763,0.09863096475601196,-0.10310520976781845,-0.9897682666778564
4,1648804496.6490629,199.07388305664062,-45.059471130371094,1445.0150146484375,0.2407376617193222,-0.9690548181533813,-0.05457250401377678,-0.8685218691825867,-0.24017935991287231,0.43357083201408386,-0.43326109647750854,-0.05697941407561302,-0.8994655013084412
300,1648804496.6786885,273.03753662109375,91.44987487792969,1379.279541015625,0.9533684253692627,0.29502007365226746,0.06365375965833664,0.2854481041431427,-0.9499022960662842,0.1272987425327301,0.098020538687706,-0.1031927615404129,-0.9898198246955872
4,1648804496.6786962,199.0015869140625,-45.013126373291016,1444.944580078125,0.24025873839855194,-0.9690601825714111,-0.05655193701386452,-0.8683604598045349,-0.24059967696666718,0.43366101384162903,-0.4338499903678894,-0.05508338287472725,-0.8992997407913208
300,1648804496.7111957,273.0367126464844,91.46492767333984,1379.2406005859375,0.9532963633537292,0.2950771450996399,0.06446360051631927,0.28538987040519714,-0.9498780965805054,0.12760981917381287,0.09888730198144913,-0.10325270891189575,-0.9897273182868958
4,1648804496.7112036,199.10191345214844,-44.99726486206055,1444.9793701171875,0.2394637167453766,-0.9693120718002319,-0.05559935048222542,-0.8688233494758606,-0.23949499428272247,0.4333452880382538,-0.43336257338523865,-0.05546446517109871,-0.8995112776756287
300,1648804496.740962,273.0428466796875,91.46060943603516,1379.2440185546875,0.9533205628395081,0.29498791694641113,0.0645134374499321,0.285381019115448,-0.9499950408935547,0.1267559975385666,0.09867893904447556,-0.10242819041013718,-0.9898337721824646
4,1648804496.7409701,199.2830352783203,-45.0460090637207,1445.0733642578125,0.2401961386203766,-0.9692989587783813,-0.052586693316698074,-0.8690629005432129,-0.23886017501354218,0.43321526050567627,-0.4324759542942047,-0.058355484157800674,-0.89975506067276
300,1648804496.7705808,273.0401916503906,91.458740234375,1379.300537109375,0.9533936977386475,0.2949778437614441,0.06347059458494186,0.2854262888431549,-0.9499105215072632,0.12728634476661682,0.09783803671598434,-0.1032378301024437,-0.9898331761360168
4,1648804496.7705889,199.02915954589844,-44.96306228637695,1444.9359130859375,0.23866383731365204,-0.9693171381950378,-0.058854829519987106,-0.8674339652061462,-0.2400403469800949,0.4358198940753937,-0.4365752339363098,-0.05296177417039871,-0.8981075286865234
300,1648804496.8013039,273.0427551269531,91.46053314208984,1379.26904296875,0.9533321857452393,0.29504042863845825,0.06410100311040878,0.28535470366477966,-0.9498396515846252,0.12797410786151886,0.09864320605993271,-0.10371030122041702,-0.9897038340568542
4,1648804496.801312,199.23379516601562,-44.984710693359375,1444.99609375,0.24404099583625793,-0.9682667851448059,-0.05388383939862251,-0.8673012852668762,-0.2427772730588913,0.43456611037254333,-0.4338577091693878,-0.059318430721759796,-0.8990265727043152
300,1648804496.830722,273.0408935546875,91.45205688476562,1379.332763671875,0.9534025192260742,0.2950173318386078,0.06315431743860245,0.28540539741516113,-0.9497899413108826,0.12822982668876648,0.09781335294246674,-0.10423004627227783,-0.9897316098213196
4,1648804496.8307304,199.3070526123047,-45.030399322509766,1445.1048583984375,0.2434394806623459,-0.9684231281280518,-0.05379417911171913,-0.8679254651069641,-0.24226269125938416,0.4336060583591461,-0.43294647336006165,-0.05886749550700188,-0.8994954228401184
300,1648804496.8630736,273.03924560546875,91.45675659179688,1379.3082275390625,0.9533770084381104,0.29503944516181946,0.06343555450439453,0.2853839099407196,-0.9497772455215454,0.1283712089061737,0.09812422096729279,-0.1042826697230339,-0.9896953105926514
4,1648804496.8630812,199.35015869140625,-45.045379638671875,1445.1319580078125,0.24215205013751984,-0.9687795639038086,-0.05318431928753853,-0.8683379888534546,-0.24084824323654175,0.43356800079345703,-0.43284115195274353,-0.058807410299777985,-0.8995500206947327
300,1648804496.89283,273.03619384765625,91.45648956298828,1379.2734375,0.9533504247665405,0.29502224922180176,0.06391294300556183,0.28534436225891113,-0.9498265981674194,0.1280936747789383,0.0984967052936554,-0.10388095676898956,-0.9897005558013916
4,1648804496.8928375,199.1382293701172,-44.9624137878418,1444.978759765625,0.24044641852378845,-0.9688938856124878,-0.058567553758621216,-0.8684714436531067,-0.2416887730360031,0.43283239006996155,-0.4335237741470337,-0.05320874601602554,-0.8995698690414429
300,1648804496.9223754,273.0438537597656,91.4609146118164,1379.2850341796875,0.9533021450042725,0.2950863540172577,0.06433560699224472,0.2853841781616211,-0.9498418569564819,0.12789203226566315,0.09884783625602722,-0.10355938225984573,-0.9896992444992065
4,1648804496.9223835,199.33030700683594,-44.983253479003906,1445.0445556640625,0.24131503701210022,-0.9688501358032227,-0.05564604327082634,-0.8686702251434326,-0.24121491611003876,0.43269777297973633,-0.4326419532299042,-0.05607841908931732,-0.89982008934021
300,1648804496.9529033,273.0460510253906,91.46253204345703,1379.306884765625,0.9533289670944214,0.2950393855571747,0.06415338069200516,0.2853800654411316,-0.949874997138977,0.12765447795391083,0.09860078990459442,-0.10338862240314484,-0.9897417426109314
4,1648804496.9529111,199.50155639648438,-45.023826599121094,1445.1634521484375,0.2430523931980133,-0.9685828685760498,-0.05265728384256363,-0.8685723543167114,-0.2414824664592743,0.4327450692653656,-0.43186524510383606,-0.05944306403398514,-0.8999772071838379
300,1648804496.982711,273.0441589355469,91.44820404052734,1379.3160400390625,0.9533820748329163,0.29499295353889465,0.06357492506504059,0.28540340065956116,-0.9498806595802307,0.12756025791168213,0.09801796823740005,-0.10346916317939758,-0.989791214466095
4,1648804496.9827187,199.29380798339844,-44.97470474243164,1445.0936279296875,0.2412497103214264,-0.9686590433120728,-0.05914613604545593,-0.867065966129303,-0.24251937866210938,0.4351791739463806,-0.4358843266963959,-0.053703248500823975,-0.8983990550041199
300,1648804497.0148768,273.05133056640625,91.45145416259766,1379.307373046875,0.9533262848854065,0.2950017750263214,0.06436588615179062,0.2853146493434906,-0.9498867988586426,0.12771286070346832,0.09881582856178284,-0.1033874973654747,-0.9897204041481018
4,1648804497.0148847,199.6165008544922,-45.00691604614258,1445.2025146484375,0.2450767159461975,-0.9680188894271851,-0.05363626033067703,-0.8683869242668152,-0.24377940595149994,0.43182840943336487,-0.4310934543609619,-0.059254057705402374,-0.900359570980072
300,1648804497.044565,273.0517578125,91.45149993896484,1379.309814453125,0.953327476978302,0.2950283885002136,0.06422625482082367,0.2854096591472626,-0.9499309659004211,0.12717124819755554,0.0985296368598938,-0.10290504992008209,-0.9897992014884949
4,1648804497.0445728,199.71517944335938,-45.01521301269531,1445.2669677734375,0.24472717940807343,-0.9680019617080688,-0.05550524592399597,-0.867742121219635,-0.2442014366388321,0.4328848719596863,-0.4325878620147705,-0.05777445435523987,-0.8997387886047363
300,1648804497.0751636,273.04736328125,91.44532012939453,1379.294921875,0.9533414244651794,0.2950119078159332,0.06409478932619095,0.285382479429245,-0.9499062895774841,0.12741628289222717,0.09847336262464523,-0.1031796932220459,-0.9897761940956116
4,1648804497.0751712,199.81307983398438,-45.015804290771484,1445.2203369140625,0.24678216874599457,-0.9675817489624023,-0.05370400846004486,-0.8677133917808533,-0.24530576169490814,0.43231767416000366,-0.4314765930175781,-0.06008860096335411,-0.900120735168457
300,1648804497.1046455,273.0426330566406,91.44320678710938,1379.3077392578125,0.9533175826072693,0.2950907051563263,0.06408616900444031,0.28545889258384705,-0.9498792886734009,0.12744633853435516,0.09848235547542572,-0.10320287197828293,-0.9897729158401489
4,1648804497.1046536,199.79791259765625,-44.966060638427734,1445.13232421875,0.24685707688331604,-0.9675619006156921,-0.05371687933802605,-0.8679326772689819,-0.24541187286376953,0.4318169057369232,-0.43099236488342285,-0.05997442454099655,-0.9003602862358093
410,1648804497.1046584,272.91552734375,-147.01840209960938,1387.9398193359375,0.23514267802238464,0.6974278092384338,-0.6769803166389465,-0.8506941795349121,-0.18922550976276398,-0.4904214143753052,-0.47013548016548157,0.6912221908569336,0.5488027930259705
300,1648804497.1344063,273.04071044921875,91.44493103027344,1379.3057861328125,0.9533478021621704,0.2950161397457123,0.06398032605648041,0.28538060188293457,-0.9498825073242188,0.12759731709957123,0.09841705858707428,-0.10338586568832397,-0.9897602796554565
4,1648804497.1344142,199.78469848632812,-44.907535552978516,1445.162109375,0.2449575960636139,-0.9678780436515808,-0.05663755536079407,-0.8671280145645142,-0.2448410838842392,0.43375325202941895,-0.4336874485015869,-0.05713914334774017,-0.8992498517036438
410,1648804497.134419,272.46087646484375,-146.39846801757812,1387.4444580078125,0.23670412600040436,0.7052839994430542,-0.6682406663894653,-0.8514164686203003,-0.1807519495487213,-0.492360383272171,-0.46803972125053406,0.6854948401451111,0.5577057003974915
300,1648804497.1671917,273.04229736328125,91.4576187133789,1379.2515869140625,0.953312337398529,0.2950333058834076,0.06442788243293762,0.2854323983192444,-0.9499760270118713,0.1267828494310379,0.09861011058092117,-0.10247384011745453,-0.9898359179496765
4,1648804497.1672003,199.8863067626953,-44.963199615478516,1445.20361328125,0.2451954185962677,-0.9678853750228882,-0.05547214299440384,-0.8677903413772583,-0.2446286827325821,0.4325467646121979,-0.43222576379776,-0.057920295745134354,-0.899903416633606
410,1648804497.167205,272.4051818847656,-146.00184631347656,1387.1138916015625,0.23445238173007965,0.7079775929450989,-0.6661829948425293,-0.8538613319396973,-0.1776132434606552,-0.4892590045928955,-0.4647073447704315,0.6835358142852783,0.5628728270530701
300,1648804497.196581,273.0435791015625,91.45440673828125,1379.2947998046875,0.953411340713501,0.29492220282554626,0.06346432864665985,0.2854127287864685,-0.9499704241752625,0.12686894834041595,0.09770570695400238,-0.10284477472305298,-0.9898871183395386
4,1648804497.196589,199.76547241210938,-44.949764251708984,1445.1446533203125,0.24401073157787323,-0.9680067300796509,-0.058495186269283295,-0.8668055534362793,-0.24475334584712982,0.4344467520713806,-0.4348642826080322,-0.05530571565032005,-0.898796021938324
410,1648804497.1965942,272.0320129394531,-145.5193328857422,1387.1297607421875,0.2354317605495453,0.7113587260246277,-0.6622239947319031,-0.8532947301864624,-0.17488841712474823,-0.49122515320777893,-0.4652526080608368,0.6807222366333008,0.5658243894577026
300,1648804497.2271178,273.0421447753906,91.46080017089844,1379.29052734375,0.9533668756484985,0.2950112223625183,0.0637182891368866,0.2854141592979431,-0.9498875737190247,0.12748464941978455,0.0981346145272255,-0.10335353016853333,-0.9897916913032532
4,1648804497.2271256,199.84226989746094,-44.96421813964844,1445.1737060546875,0.24767601490020752,-0.9673164486885071,-0.054364513605833054,-0.8666421175003052,-0.246285080909729,0.43390676379203796,-0.43311432003974915,-0.06035372242331505,-0.8993160724639893
410,1648804497.2271311,271.6080017089844,-145.17897033691406,1386.947509765625,0.23707053065299988,0.7144744396209717,-0.6582733988761902,-0.8524990081787109,-0.17194215953350067,-0.4936408996582031,-0.46587875485420227,0.678205132484436,0.5683263540267944
300,1648804497.2563212,273.04290771484375,91.45934295654297,1379.2816162109375,0.9533154964447021,0.29506874084472656,0.06421852856874466,0.2855047881603241,-0.9499750733375549,0.12662704288959503,0.09836968034505844,-0.10238083451986313,-0.9898694753646851
4,1648804497.2563288,199.79788208007812,-44.948081970214844,1445.1131591796875,0.24812039732933044,-0.9671709537506104,-0.05492338910698891,-0.8678929805755615,-0.24712234735488892,0.4309203326702118,-0.43034642934799194,-0.05925250053405762,-0.9007169604301453
410,1648804497.2563334,271.1874084472656,-144.98348999023438,1386.0618896484375,0.23636513948440552,0.7243601679801941,-0.647637128829956,-0.8533501029014587,-0.1639997512102127,-0.4948714077472687,-0.46467745304107666,0.6696315407752991,0.5793690085411072
300,1648804497.2869847,273.0394592285156,91.4505386352539,1379.3353271484375,0.9534609317779541,0.2949180603027344,0.06273432075977325,0.28537794947624207,-0.9498356580734253,0.12795186042785645,0.09732261300086975,-0.10409410297870636,-0.9897943139076233
4,1648804497.2869933,199.79408264160156,-44.99647521972656,1445.135986328125,0.2485317438840866,-0.967125415802002,-0.053855545818805695,-0.8677778244018555,-0.2470141053199768,0.43121418356895447,-0.43034127354621887,-0.06043576821684837,-0.9006408452987671
410,1648804497.286998,271.2815856933594,-145.13380432128906,1385.873779296875,0.23307541012763977,0.7247456312179565,-0.6483977437019348,-0.8553364276885986,-0.16445256769657135,-0.4912789463996887,-0.46268293261528015,0.66910320520401,0.5815714597702026
300,1648804497.3186471,273.03765869140625,91.44808197021484,1379.3038330078125,0.9533896446228027,0.2950233817100525,0.06332018226385117,0.285471647977829,-0.9498756527900696,0.12744484841823578,0.09774550795555115,-0.10342848300933838,-0.9898223876953125
4,1648804497.318655,199.6378936767578,-44.93020248413086,1445.125,0.24511615931987762,-0.967729926109314,-0.05845438316464424,-0.866743803024292,-0.24575290083885193,0.4340054392814636,-0.4343653619289398,-0.055716775357723236,-0.8990119099617004
410,1648804497.31866,270.9140319824219,-145.3830108642578,1386.103759765625,0.23584628105163574,0.7271876931190491,-0.6446507573127747,-0.8524054884910583,-0.16375692188739777,-0.49657687544822693,-0.46667060256004333,0.6666196584701538,0.5812373161315918
300,1648804497.3483276,273.03900146484375,91.44536590576172,1379.29345703125,0.9533796906471252,0.29502978920936584,0.06343987584114075,0.2854299545288086,-0.9498398303985596,0.1278049200773239,0.09796398133039474,-0.10373896360397339,-0.9897683262825012
4,1648804497.3483355,199.7506866455078,-44.989681243896484,1445.22998046875,0.2464914619922638,-0.9675958156585693,-0.05477529019117355,-0.8670451045036316,-0.24542197585105896,0.4335906207561493,-0.43298351764678955,-0.05938374251127243,-0.8994436264038086
410,1648804497.3483403,270.9228820800781,-145.93202209472656,1385.7593994140625,0.23388732969760895,0.7292962074279785,-0.6429803967475891,-0.8555191159248352,-0.15982967615127563,-0.49248507618904114,-0.4619348347187042,0.6652680039405823,0.5865446925163269
300,1648804497.3789752,273.0345153808594,91.45370483398438,1379.304443359375,0.9535199999809265,0.29482871294021606,0.06225450709462166,0.2854333519935608,-0.949948251247406,0.12698882818222046,0.09657851606607437,-0.10331687331199646,-0.989948570728302
4,1648804497.3789837,199.72972106933594,-45.04853820800781,1445.240966796875,0.2439560890197754,-0.9683207273483276,-0.05329540744423866,-0.8690112233161926,-0.2426689863204956,0.43119749426841736,-0.43047061562538147,-0.05887894332408905,-0.9006821513175964
410,1648804497.3789883,271.10150146484375,-146.43736267089844,1385.400634765625,0.23273131251335144,0.7299886345863342,-0.64261394739151,-0.8563684821128845,-0.15935049951076508,-0.49116238951683044,-0.4609438180923462,0.6646232008934021,0.5880534052848816
300,1648804497.4104671,273.03997802734375,91.4450912475586,1379.280029296875,0.9533625841140747,0.2950226962566376,0.06372934579849243,0.2853049337863922,-0.9497581720352173,0.1286877691745758,0.09849327802658081,-0.1045038104057312,-0.9896352887153625
4,1648804497.4104753,199.45225524902344,-45.039608001708984,1445.156494140625,0.2423097938299179,-0.9684629440307617,-0.05801261588931084,-0.8680094480514526,-0.2431114912033081,0.4329623579978943,-0.43341153860092163,-0.05455552414059639,-0.899543285369873
410,1648804497.4104805,270.8070373535156,-146.33763122558594,1385.01953125,0.23322804272174835,0.7343055009841919,-0.6374951601028442,-0.85519939661026,-0.15715713798999786,-0.4938983917236328,-0.46285924315452576,0.6603764295578003,0.5913242101669312
300,1648804497.4404168,273.0381774902344,91.45360565185547,1379.2720947265625,0.9533310532569885,0.29505231976509094,0.0640624612569809,0.2853447496891022,-0.9498077034950256,0.1282331794500351,0.09868251532316208,-0.1039687842130661,-0.9896727800369263
4,1648804497.4404247,199.73379516601562,-45.022247314453125,1445.2232666015625,0.24463322758674622,-0.9679521918296814,-0.05677269399166107,-0.8680455088615417,-0.24472033977508545,0.43198254704475403,-0.43203189969062805,-0.0563960038125515,-0.9000933170318604
410,1648804497.4404292,270.7999572753906,-146.37020874023438,1384.846923828125,0.23491252958774567,0.7362116575241089,-0.6346719264984131,-0.8539310097694397,-0.15561172366142273,-0.49657508730888367,-0.4643467664718628,0.6586177945137024,0.5921188592910767
300,1648804497.471016,273.0447082519531,91.45843505859375,1379.2628173828125,0.9533014893531799,0.2950529158115387,0.06449875235557556,0.2853516936302185,-0.9498755931854248,0.12771353125572205,0.09894804656505585,-0.10334467142820358,-0.9897116422653198
4,1648804497.4710243,199.93414306640625,-44.98884201049805,1445.263916015625,0.2487734705209732,-0.9671015739440918,-0.053162723779678345,-0.8669652342796326,-0.2468150556087494,0.43295910954475403,-0.4318367838859558,-0.06161850318312645,-0.8998445272445679
410,1648804497.4710338,270.73211669921875,-146.51710510253906,1384.4095458984375,0.23452289402484894,0.7417922616004944,-0.6282859444618225,-0.8550378084182739,-0.15009091794490814,-0.496369868516922,-0.4625033438205719,0.653618335723877,0.5990606546401978
300,1648804497.5007973,273.04693603515625,91.45423889160156,1379.22802734375,0.9533171057701111,0.29498574137687683,0.06457480788230896,0.28534799814224243,-0.9499721527099609,0.12700171768665314,0.09880796819925308,-0.10264661908149719,-0.9897983074188232
4,1648804497.500805,200.08389282226562,-45.005470275878906,1445.31103515625,0.25035226345062256,-0.9666547775268555,-0.053873371332883835,-0.8664163947105408,-0.2485278844833374,0.43307796120643616,-0.4320259094238281,-0.06174527108669281,-0.8997450470924377
410,1648804497.5008101,270.8267822265625,-146.19842529296875,1384.1700439453125,0.23454923927783966,0.7419800758361816,-0.6280543208122253,-0.8570360541343689,-0.1470770388841629,-0.49381938576698303,-0.4587765038013458,0.6540901064872742,0.6014068722724915
300,1648804497.5312848,273.0416564941406,91.45286560058594,1379.2591552734375,0.9533615708351135,0.29496920108795166,0.06399113684892654,0.2853555381298065,-0.9499208927154541,0.12736773490905762,0.09835607558488846,-0.10316728055477142,-0.9897891879081726
4,1648804497.5312927,199.9337615966797,-44.905757904052734,1445.1661376953125,0.24821758270263672,-0.9669761657714844,-0.05783674120903015,-0.8660871982574463,-0.24827131628990173,0.43388286232948303,-0.43391358852386475,-0.05760570243000984,-0.8991109728813171
410,1648804497.5312977,270.21954345703125,-145.21804809570312,1384.2054443359375,0.23662127554416656,0.7482671737670898,-0.6197633743286133,-0.8527626395225525,-0.14575091004371643,-0.5015501379966736,-0.4656245708465576,0.6471884846687317,0.6036065220832825
300,1648804497.5625758,273.04486083984375,91.45170593261719,1379.303955078125,0.953346848487854,0.2950725257396698,0.06373394280672073,0.28537648916244507,-0.9497671723365784,0.12846234440803528,0.09843811392784119,-0.1042810007929802,-0.9896643161773682
4,1648804497.562584,200.0812225341797,-44.861385345458984,1445.149658203125,0.24635714292526245,-0.9674616456031799,-0.05767296254634857,-0.8666962385177612,-0.24654892086982727,0.4336487948894501,-0.4337577521800995,-0.05684753507375717,-0.899234414100647
410,1648804497.5625885,269.7557373046875,-144.45840454101562,1383.763671875,0.23900623619556427,0.7551504969596863,-0.6104291677474976,-0.8532631993293762,-0.13673344254493713,-0.503235399723053,-0.4634845554828644,0.6411331295967102,0.611661970615387
300,1648804497.5930712,273.0412902832031,91.44969177246094,1379.29345703125,0.953392744064331,0.2949901223182678,0.0634278804063797,0.28548938035964966,-0.9499544501304626,0.12681610882282257,0.09766309708356857,-0.10279757529497147,-0.9898962378501892
4,1648804497.593079,200.13983154296875,-44.820587158203125,1445.1435546875,0.2471735179424286,-0.9673336148262024,-0.05631149187684059,-0.8662810921669006,-0.24664175510406494,0.43442481756210327,-0.4341224730014801,-0.05859672278165817,-0.8989461064338684
410,1648804497.5930839,269.6405029296875,-143.90626525878906,1383.7989501953125,0.23579339683055878,0.7563334107398987,-0.610214114189148,-0.854114294052124,-0.13823676109313965,-0.5013774633407593,-0.463562548160553,0.6394140720367432,0.613399863243103
300,1648804497.622733,273.0423889160156,91.44303894042969,1379.266357421875,0.9532642960548401,0.29518991708755493,0.06442137807607651,0.2854108214378357,-0.9497426152229309,0.12856748700141907,0.09913555532693863,-0.1041722372174263,-0.9896061420440674
4,1648804497.6227407,199.91650390625,-44.83355712890625,1445.060791015625,0.24556447565555573,-0.9676756858825684,-0.05746164172887802,-0.8663988709449768,-0.24567879736423492,0.43473541736602783,-0.43479999899864197,-0.056970879435539246,-0.8987231254577637
410,1648804497.6227458,268.98358154296875,-143.03842163085938,1384.1634521484375,0.23706094920635223,0.7586519718170166,-0.6068354249000549,-0.8542246222496033,-0.1347321718931198,-0.5021429657936096,-0.46271198987960815,0.6374122500419617,0.6161195039749146
300,1648804497.6532788,273.03546142578125,91.45083618164062,1379.335693359375,0.9534575343132019,0.294979453086853,0.06249703839421272,0.28547897934913635,-0.9498258829116821,0.12779870629310608,0.09705929458141327,-0.10400904715061188,-0.9898290634155273
4,1648804497.6532862,199.97544860839844,-44.834739685058594,1445.0552978515625,0.24936699867248535,-0.9667747020721436,-0.05623827874660492,-0.8663985133171082,-0.24866630136966705,0.4330343008041382,-0.4326311945915222,-0.059259701520204544,-0.899621307849884
410,1648804497.6532907,268.1512756347656,-142.0196533203125,1384.54150390625,0.23967762291431427,0.7629284858703613,-0.600412130355835,-0.8539543747901917,-0.12854015827178955,-0.504221498966217,-0.46186205744743347,0.6335752010345459,0.6206979751586914
300,1648804497.6828887,273.0455017089844,91.4633560180664,1379.24462890625,0.9532709717750549,0.29511508345603943,0.06466526538133621,0.28538158535957336,-0.9498468637466431,0.12786051630973816,0.09915566444396973,-0.10343144834041595,-0.9896818399429321
4,1648804497.6828964,199.87838745117188,-44.852447509765625,1445.08935546875,0.24818013608455658,-0.9671573042869568,-0.05489416792988777,-0.8666056394577026,-0.24698705971240997,0.43358054757118225,-0.43289875984191895,-0.06003448739647865,-0.8994412422180176
410,1648804497.6829016,267.4078369140625,-141.1740264892578,1384.160888671875,0.23872555792331696,0.7689536809921265,-0.5930601358413696,-0.855891227722168,-0.12190426886081696,-0.502582848072052,-0.45875951647758484,0.6275743246078491,0.6290390491485596
300,1648804497.7143536,273.0390625,91.44386291503906,1379.3099365234375,0.9533848762512207,0.29500067234039307,0.06349723041057587,0.285366028547287,-0.9498196840286255,0.12809686362743378,0.09809958189725876,-0.10400564968585968,-0.9897269010543823
4,1648804497.7143614,199.7727508544922,-44.934913635253906,1445.0870361328125,0.24699483811855316,-0.9675575494766235,-0.053159791976213455,-0.8672184944152832,-0.24519118666648865,0.4333743751049042,-0.43234893679618835,-0.060940079391002655,-0.8996447324752808
410,1648804497.7143667,267.181396484375,-140.595947265625,1384.3109130859375,0.23569972813129425,0.7690178751945496,-0.5941861271858215,-0.8570480942726135,-0.12376407533884048,-0.5001509785652161,-0.45816394686698914,0.6271315813064575,0.6299141049385071
300,1648804497.7448597,273.04144287109375,91.4518814086914,1379.38720703125,0.9534779787063599,0.29491913318634033,0.06246931478381157,0.2853729724884033,-0.9497906565666199,0.12829656898975372,0.09716988354921341,-0.104500912129879,-0.9897664189338684
4,1648804497.744867,199.7093505859375,-44.94276809692383,1445.095703125,0.2462380826473236,-0.9676093459129333,-0.05566875636577606,-0.8672981262207031,-0.24562063813209534,0.43297168612480164,-0.4326208531856537,-0.05833271145820618,-0.899686872959137
410,1648804497.7448716,266.3357238769531,-139.78704833984375,1384.570068359375,0.23596663773059845,0.7743991613388062,-0.5870482921600342,-0.854130208492279,-0.12282642722129822,-0.5053467154502869,-0.46344509720802307,0.6206606030464172,0.6324547529220581
300,1648804497.774507,273.0430603027344,91.45284271240234,1379.3565673828125,0.9534102082252502,0.29499921202659607,0.06312279403209686,0.28537875413894653,-0.9497816562652588,0.1283503770828247,0.09781613200902939,-0.10435665398836136,-0.989717960357666
4,1648804497.7745147,199.67086791992188,-44.9031867980957,1445.1046142578125,0.24554117023944855,-0.9677120447158813,-0.056946806609630585,-0.8670034408569336,-0.24550557136535645,0.43362659215927124,-0.43360644578933716,-0.05710010975599289,-0.8992913961410522
410,1648804497.7745194,265.6205139160156,-139.15530395507812,1383.9530029296875,0.23554210364818573,0.7824195027351379,-0.5764890909194946,-0.8546744585037231,-0.11562108248472214,-0.506125807762146,-0.46265697479248047,0.6119244694709778,0.6414803266525269
300,1648804497.8050237,273.0422058105469,91.45010375976562,1379.3212890625,0.9534215927124023,0.2949499487876892,0.06318029761314392,0.2853812277317047,-0.9498594999313354,0.12776708602905273,0.09769730269908905,-0.1037854328751564,-0.9897897839546204
4,1648804497.8050323,199.85433959960938,-44.88648986816406,1445.181396484375,0.2467288374900818,-0.9674278497695923,-0.05664091557264328,-0.866844654083252,-0.24645161628723145,0.43340739607810974,-0.43324965238571167,-0.057835232466459274,-0.8994163870811462
410,1648804497.8050375,265.2532958984375,-138.6532745361328,1383.5274658203125,0.23320838809013367,0.7879949808120728,-0.5698050260543823,-0.8558541536331177,-0.11186056584119797,-0.5049760937690735,-0.4616573452949524,0.6054346561431885,0.6483219265937805
300,1648804497.8344882,273.0417175292969,91.4430923461914,1379.317626953125,0.9534335136413574,0.29495832324028015,0.06296101212501526,0.28540390729904175,-0.9498409628868103,0.12785440683364868,0.09751466661691666,-0.10393135994672775,-0.9897924661636353
4,1648804497.8344948,200.13345336914062,-44.8951530456543,1445.1748046875,0.24962104856967926,-0.9666532278060913,-0.057191118597984314,-0.8665860295295715,-0.24935486912727356,0.43226245045661926,-0.4321087896823883,-0.058340784162282944,-0.8999323844909668
410,1648804497.8344994,264.7386779785156,-138.00823974609375,1383.400146484375,0.23090626299381256,0.7931404709815979,-0.5635694265365601,-0.8563130497932434,-0.10935285687446594,-0.5047473907470703,-0.4619635343551636,0.5991411805152893,0.6539262533187866
300,1648804497.8670444,273.04376220703125,91.44475555419922,1379.311767578125,0.95341557264328,0.29499316215515137,0.06306938827037811,0.2853379249572754,-0.949738621711731,0.12875892221927643,0.09788243472576141,-0.1047646701335907,-0.9896683096885681
4,1648804497.867052,200.1944580078125,-44.7195930480957,1444.9451904296875,0.25029996037483215,-0.9664227962493896,-0.05811099335551262,-0.8659486770629883,-0.2503129243850708,0.43298542499542236,-0.4329929053783417,-0.058055099099874496,-0.8995258212089539
410,1648804497.8670568,263.5608215332031,-137.17349243164062,1382.927734375,0.2298625409603119,0.8059900403022766,-0.5454753041267395,-0.8555746078491211,-0.09978023916482925,-0.5079724788665771,-0.46384838223457336,0.583458662033081,0.6666488647460938
300,1648804497.8972504,273.04425048828125,91.45840454101562,1379.3096923828125,0.9534198045730591,0.29494720697402954,0.06322026997804642,0.285360187292099,-0.9498465657234192,0.12791034579277039,0.09777635335922241,-0.10391170531511307,-0.9897687435150146
4,1648804497.8972585,200.18655395507812,-44.65232467651367,1444.9749755859375,0.24993450939655304,-0.9664872884750366,-0.058609504252672195,-0.8644953370094299,-0.2500026226043701,0.4360578954219818,-0.4360969364643097,-0.05831826850771904,-0.8980080485343933
410,1648804497.8972638,262.871826171875,-137.05882263183594,1382.762451171875,0.22694596648216248,0.8111000061035156,-0.5390846729278564,-0.8580058813095093,-0.09537540376186371,-0.5047072768211365,-0.4607835114002228,0.5770791172981262,0.674283504486084
300,1648804497.92647,273.0426025390625,91.45426177978516,1379.292724609375,0.9534174799919128,0.29494211077690125,0.0632789209485054,0.28533437848091125,-0.949834406375885,0.12805816531181335,0.0978742465376854,-0.10403724014759064,-0.9897458553314209
4,1648804497.9264777,200.09982299804688,-44.768768310546875,1445.017822265625,0.2492830753326416,-0.9666279554367065,-0.05906233936548233,-0.8657461404800415,-0.2497667372226715,0.4337051510810852,-0.43398332595825195,-0.056982360780239105,-0.8991170525550842
410,1648804497.9264872,261.7467956542969,-136.93411254882812,1382.5775146484375,0.22114816308021545,0.817993700504303,-0.5310177206993103,-0.861041247844696,-0.09190410375595093,-0.5001615881919861,-0.4579317271709442,0.5678379535675049,0.6840018630027771
300,1648804497.9565022,273.04486083984375,91.45407104492188,1379.2974853515625,0.9533750414848328,0.2950427234172821,0.06344911456108093,0.28533101081848145,-0.9497184157371521,0.12892286479473114,0.09829654544591904,-0.10480785369873047,-0.9896227121353149
4,1648804497.9565105,199.53453063964844,-44.8177375793457,1444.8609619140625,0.24500377476215363,-0.9676409363746643,-0.06036698818206787,-0.8664950728416443,-0.24647513031959534,0.43409252166748047,-0.4349246621131897,-0.05404661223292351,-0.8988434076309204
410,1648804497.9565148,260.0097351074219,-136.604736328125,1382.6297607421875,0.22108130156993866,0.8235028982162476,-0.5224615335464478,-0.8613100051879883,-0.08641715347766876,-0.500676691532135,-0.45745837688446045,0.5606915950775146,0.690186083316803
300,1648804497.9869304,273.0434265136719,91.45760345458984,1379.281494140625,0.9533535242080688,0.2950174808502197,0.06388887763023376,0.2854110300540924,-0.9498998522758484,0.12740004062652588,0.09827327728271484,-0.10322269052267075,-0.9897916316986084
4,1648804497.986938,198.9290008544922,-44.9270133972168,1444.8072509765625,0.2392733246088028,-0.9691427946090698,-0.05925006791949272,-0.8674994111061096,-0.24078969657421112,0.4352758228778839,-0.4361112415790558,-0.052750494331121445,-0.8983453512191772
410,1648804497.986943,258.48455810546875,-136.57948303222656,1382.383544921875,0.22244076430797577,0.8278707265853882,-0.514927327632904,-0.8633682131767273,-0.07808122783899307,-0.4984964430332184,-0.45289677381515503,0.5554578304290771,0.697388768196106
300,1648804498.018454,273.0374755859375,91.45781707763672,1379.25048828125,0.9533451199531555,0.29505234956741333,0.06385280191898346,0.28542593121528625,-0.9498634934425354,0.12763792276382446,0.09831131249666214,-0.1034577414393425,-0.9897633194923401
4,1648804498.018462,198.36129760742188,-45.037532806396484,1444.738525390625,0.23520971834659576,-0.9701118469238281,-0.05966014787554741,-0.8687798976898193,-0.23736831545829773,0.43460071086883545,-0.43577274680137634,-0.05039077624678612,-0.8986450433731079
410,1648804498.0184672,257.123779296875,-136.7357940673828,1381.9442138671875,0.22099217772483826,0.8335000872612,-0.5063990950584412,-0.8650050163269043,-0.07232137769460678,-0.49652382731437683,-0.45047613978385925,0.5477656722068787,0.7049993276596069
300,1648804498.049028,273.0360412597656,91.4586181640625,1379.296630859375,0.9534258842468262,0.29493188858032227,0.06320017576217651,0.28537774085998535,-0.9498831033706665,0.1275995373725891,0.0976659506559372,-0.10362076759338379,-0.9898101091384888
4,1648804498.0490358,197.90847778320312,-45.064109802246094,1444.60791015625,0.23095522820949554,-0.9711020588874817,-0.06017054244875908,-0.8692948818206787,-0.2337293177843094,0.43554216623306274,-0.4370194971561432,-0.04828479513525963,-0.8981550931930542
410,1648804498.04904,255.95010375976562,-136.66488647460938,1381.60595703125,0.2164355367422104,0.8403647541999817,-0.49693331122398376,-0.8646690845489502,-0.07134389877319336,-0.49724987149238586,-0.45332440733909607,0.5373054146766663,0.7111960649490356
300,1648804498.0785491,273.0346984863281,91.46310424804688,1379.2880859375,0.953366219997406,0.295009046792984,0.06373748183250427,0.2853723168373108,-0.9498491287231445,0.12786443531513214,0.09826215356588364,-0.10371272265911102,-0.9897415041923523
4,1648804498.0785573,197.77142333984375,-45.03904342651367,1444.5736083984375,0.22918352484703064,-0.9715160727500916,-0.06026124209165573,-0.8689039945602417,-0.23209525644779205,0.4371928870677948,-0.4387262463569641,-0.047836169600486755,-0.8973466157913208
410,1648804498.078562,254.7780303955078,-136.7253875732422,1381.00048828125,0.2163058966398239,0.8491611480712891,-0.48180609941482544,-0.8650293946266174,-0.06213260442018509,-0.49785909056663513,-0.4526984691619873,0.5244662761688232,0.7211096882820129
300,1648804498.1108265,273.0338439941406,91.45917510986328,1379.2838134765625,0.953341543674469,0.2950277030467987,0.06402026861906052,0.28535690903663635,-0.9498476982116699,0.1279093623161316,0.09854631125926971,-0.10367268323898315,-0.989717423915863
4,1648804498.1108346,197.86024475097656,-45.04404830932617,1444.638916015625,0.23069261014461517,-0.9710209369659424,-0.06244385987520218,-0.8683003783226013,-0.23440128564834595,0.4371618628501892,-0.4391302466392517,-0.04662998393177986,-0.8972125053405762
410,1648804498.11084,254.1909637451172,-137.29983520507812,1380.4639892578125,0.2162778675556183,0.8569676280021667,-0.4677930772304535,-0.8661167025566101,-0.05273885652422905,-0.49705174565315247,-0.4506281316280365,0.5126647353172302,0.7308277487754822
300,1648804498.1404731,273.0321960449219,91.45155334472656,1379.2840576171875,0.9534007906913757,0.2949279844760895,0.06359609961509705,0.2853609621524811,-0.9499266147613525,0.127312570810318,0.09795967489480972,-0.10323206335306168,-0.98982173204422
4,1648804498.1404805,198.2346649169922,-45.17020034790039,1444.8404541015625,0.23244716227054596,-0.9709858298301697,-0.05616803839802742,-0.8697255253791809,-0.2333623319864273,0.43487873673439026,-0.4353685677051544,-0.052235547453165054,-0.8987355828285217
410,1648804498.140485,254.40098571777344,-138.1630859375,1380.375244140625,0.21406930685043335,0.8609793186187744,-0.4613988399505615,-0.8677283525466919,-0.0493021160364151,-0.4945875108242035,-0.4485775828361511,0.5062448382377625,0.7365421056747437
300,1648804498.1709228,273.0390930175781,91.44647216796875,1379.2823486328125,0.9533569812774658,0.2950572669506073,0.06365280598402023,0.2853797972202301,-0.949779748916626,0.1283619999885559,0.0983302891254425,-0.10420957952737808,-0.9896825551986694
4,1648804498.1709309,198.14427185058594,-45.182899475097656,1444.77587890625,0.2328139990568161,-0.9707192182540894,-0.05917678028345108,-0.8696916103363037,-0.23504376411437988,0.43404021859169006,-0.4352402985095978,-0.04958508908748627,-0.8989478349685669
410,1648804498.170936,254.22665405273438,-138.48863220214844,1380.292724609375,0.21748486161231995,0.8656473159790039,-0.4509490430355072,-0.8675852417945862,-0.04023561626672745,-0.4956580400466919,-0.44720926880836487,0.4990348517894745,0.7422722578048706
300,1648804498.2004101,273.0322570800781,91.45390319824219,1379.317138671875,0.9534755349159241,0.29491090774536133,0.06254616379737854,0.2853701412677765,-0.9498100280761719,0.1281593143939972,0.09720255434513092,-0.10434796661138535,-0.9897793531417847
4,1648804498.2004175,198.50259399414062,-45.144771575927734,1444.9063720703125,0.23693884909152985,-0.9698150157928467,-0.05760890245437622,-0.8686283826828003,-0.23803021013736725,0.4345415532588959,-0.4351375699043274,-0.052919045090675354,-0.8988074660301208
410,1648804498.2004228,254.15029907226562,-138.70419311523438,1380.0360107421875,0.22060126066207886,0.8725987672805786,-0.4357825815677643,-0.8679232001304626,-0.0282346960157156,-0.49589526653289795,-0.44502177834510803,0.4876209497451782,0.7511200904846191
300,1648804498.2307394,273.0332336425781,91.44593811035156,1379.2593994140625,0.9534026980400085,0.29498305916786194,0.06331110000610352,0.28537675738334656,-0.9498283863067627,0.1280081868171692,0.09789492934942245,-0.1039758250117302,-0.9897502660751343
4,1648804498.2307477,199.12167358398438,-45.231258392333984,1445.15234375,0.24187222123146057,-0.9688314199447632,-0.0535118393599987,-0.8692222833633423,-0.24085363745689392,0.43178948760032654,-0.43121975660324097,-0.05792420729994774,-0.9003856182098389
410,1648804498.2307527,254.59280395507812,-139.08627319335938,1380.0086669921875,0.21840611100196838,0.8759859800338745,-0.43005508184432983,-0.8697550296783447,-0.025103842839598656,-0.4928448498249054,-0.44252118468284607,0.4816828668117523,0.7564103603363037
300,1648804498.26293,273.0433044433594,91.4466323852539,1379.2667236328125,0.9533341526985168,0.29510897397994995,0.06375501304864883,0.2853758931159973,-0.9497201442718506,0.12881101667881012,0.09856270253658295,-0.10460580140352249,-0.9896175861358643
4,1648804498.2629375,199.49562072753906,-45.21823501586914,1445.2540283203125,0.24223200976848602,-0.9687355160713196,-0.053620629012584686,-0.8690049052238464,-0.24120773375034332,0.4320293068885803,-0.4314558207988739,-0.058054737746715546,-0.9002641439437866
410,1648804498.2629423,255.0950469970703,-138.8552703857422,1380.5177001953125,0.21841242909431458,0.8763155341148376,-0.429379940032959,-0.8707141876220703,-0.023672858253121376,-0.49121925234794617,-0.44062772393226624,0.4811556041240692,0.757849931716919
