300,1648804746.8186276,273.01202392578125,91.39429473876953,1379.362548828125,0.9533471465110779,0.295101135969162,0.0635969489812851,0.2854084074497223,-0.9497426748275757,0.12857268750667572,0.09834267944097519,-0.10442329943180084,-0.989658772945404
4,1648804746.8186352,193.73782348632812,-83.38350677490234,1534.834228515625,0.16916070878505707,-0.9829950332641602,0.07145221531391144,-0.9842435717582703,-0.17227140069007874,-0.03983915597200394,0.051470864564180374,-0.06358716636896133,-0.9966480731964111
300,1648804746.8486462,273.0113830566406,91.40582275390625,1379.3583984375,0.9533466696739197,0.29506736993789673,0.0637604147195816,0.2854393422603607,-0.9498443007469177,0.12775063514709473,0.09825751185417175,-0.10359090566635132,-0.9897547364234924
4,1648804746.8486538,193.46267700195312,-83.41468048095703,1534.7330322265625,0.16735009849071503,-0.9833890199661255,0.0702851340174675,-0.9844835996627808,-0.17050158977508545,-0.041487667709589005,0.052782244980335236,-0.06225160136818886,-0.9966638088226318
300,1648804746.8789575,273.00860595703125,91.39391326904297,1379.3277587890625,0.9533295631408691,0.29507696628570557,0.06397120654582977,0.28548917174339294,-0.9499133229255676,0.12712423503398895,0.09827853739261627,-0.10292819887399673,-0.98982173204422
4,1648804746.878966,193.25491333007812,-83.43588256835938,1534.61083984375,0.16578137874603271,-0.983674168586731,0.07001180946826935,-0.9847654104232788,-0.16890649497509003,-0.04132424667477608,0.05247504636645317,-0.062094420194625854,-0.9966898560523987
300,1648804746.9111168,273.0132141113281,91.40922546386719,1379.3577880859375,0.9533679485321045,0.2950320243835449,0.06360583752393723,0.28542426228523254,-0.94985431432724,0.12770973145961761,0.09809473901987076,-0.10359971225261688,-0.9897699356079102
4,1648804746.9111242,193.18313598632812,-83.39635467529297,1534.47705078125,0.16535301506519318,-0.9837785363197327,0.06955704838037491,-0.9849724769592285,-0.1682969182729721,-0.03879866003990173,0.04987552762031555,-0.06209630146622658,-0.9968231916427612
300,1648804746.9411077,273.01556396484375,91.40860748291016,1379.3564453125,0.9533633589744568,0.29498881101608276,0.06387370824813843,0.2853899598121643,-0.9499141573905945,0.12734074890613556,0.09823863953351974,-0.10317309200763702,-0.989800214767456
4,1648804746.9411151,193.064697265625,-83.38395690917969,1534.286376953125,0.16494785249233246,-0.9840601086616516,0.06646738946437836,-0.985076904296875,-0.16772662103176117,-0.03861673176288605,0.0491495355963707,-0.05910574644804001,-0.9970410466194153
300,1648804746.971128,273.0157470703125,91.41221618652344,1379.381103515625,0.9533748030662537,0.2950042188167572,0.0636313334107399,0.2854136824607849,-0.949884295463562,0.1275104135274887,0.09805851429700851,-0.1034039705991745,-0.9897940158843994
4,1648804746.971136,193.01010131835938,-83.3616714477539,1534.2288818359375,0.164570152759552,-0.9841029644012451,0.06676874309778214,-0.9852580428123474,-0.1672149896621704,-0.036135233938694,0.046725522726774216,-0.05983766168355942,-0.9971139430999756
300,1648804747.0002108,273.0130310058594,91.41560363769531,1379.3896484375,0.9534057378768921,0.2949965298175812,0.06320257484912872,0.28542476892471313,-0.9498456716537476,0.12777268886566162,0.09772519767284393,-0.103779636323452,-0.9897876381874084
4,1648804747.0002186,193.2335968017578,-83.31076049804688,1534.1468505859375,0.16644230484962463,-0.9836974740028381,0.06809001415967941,-0.9849592447280884,-0.1691100001335144,-0.03545592352747917,0.04639260098338127,-0.06116452068090439,-0.9970489740371704
300,1648804747.0310833,273.0165710449219,91.40625762939453,1379.410888671875,0.9534371495246887,0.29495927691459656,0.06290177255868912,0.2854081392288208,-0.9498357176780701,0.12788395583629608,0.09746690839529037,-0.10397662967443466,-0.9897924065589905
4,1648804747.0310912,193.42054748535156,-83.28569793701172,1534.1376953125,0.1679733544588089,-0.983605682849884,0.06561066955327988,-0.9846649765968323,-0.170590341091156,-0.03652077168226242,0.04711458459496498,-0.058470018208026886,-0.9971767663955688
300,1648804747.062898,273.0166015625,91.41384887695312,1379.3834228515625,0.95340895652771,0.2949749231338501,0.06325442343950272,0.28539884090423584,-0.949854850769043,0.1277625560760498,0.09776926785707474,-0.10375722497701645,-0.9897856116294861
4,1648804747.0629056,193.6300811767578,-83.25569152832031,1534.2025146484375,0.16985264420509338,-0.9832034707069397,0.06679046899080276,-0.9843109250068665,-0.1725482940673828,-0.03686543554067612,0.04777080938220024,-0.05948089808225632,-0.9970857501029968
300,1648804747.093184,273.0142822265625,91.4080581665039,1379.402099609375,0.9534512162208557,0.2949586510658264,0.0626915693283081,0.2854570150375366,-0.9498586654663086,0.1276039034128189,0.09718600660562515,-0.10376834124326706,-0.9898419380187988
4,1648804747.0931914,193.85833740234375,-83.23493957519531,1534.2559814453125,0.17155493795871735,-0.982865035533905,0.06741788238286972,-0.9839805364608765,-0.174313485622406,-0.03737761452794075,0.04848899692296982,-0.059925567358732224,-0.997024416923523
300,1648804747.1231549,273.0138244628906,91.41911315917969,1379.392333984375,0.9534516930580139,0.2949129343032837,0.06289859116077423,0.2853211760520935,-0.9498055577278137,0.12830135226249695,0.09757915884256363,-0.10438284277915955,-0.9897386431694031
4,1648804747.1231632,194.09547424316406,-83.19979858398438,1534.3248291015625,0.1732669174671173,-0.9824139475822449,0.06958012282848358,-0.9836854934692383,-0.17609632015228271,-0.03678259626030922,0.048388540744781494,-0.062071748077869415,-0.9968979954719543
300,1648804747.1532202,273.015380859375,91.42024230957031,1379.393798828125,0.9534589052200317,0.29488781094551086,0.06290692836046219,0.28539007902145386,-0.9499144554138184,0.1273382306098938,0.09730668365955353,-0.10345875471830368,-0.9898624420166016
4,1648804747.1532285,194.1520538330078,-83.21053314208984,1534.396484375,0.17367996275424957,-0.9823777675628662,0.06905921548604965,-0.9835932850837708,-0.1765131950378418,-0.03724629059433937,0.048779793083667755,-0.06145724654197693,-0.9969170093536377
300,1648804747.1823022,273.0149841308594,91.40730285644531,1379.3848876953125,0.9534009695053101,0.29498377442359924,0.06333364546298981,0.28540724515914917,-0.9498630166053772,0.12768304347991943,0.09782271832227707,-0.10365726053714752,-0.9897908568382263
4,1648804747.1823099,194.1041259765625,-83.23590850830078,1534.4425048828125,0.17340190708637238,-0.9822825789451599,0.07108233124017715,-0.9835966229438782,-0.176371231675148,-0.03782756254076958,0.049694232642650604,-0.06335697323083878,-0.996752917766571
300,1648804747.2146308,273.007568359375,91.41177368164062,1379.367919921875,0.9534206390380859,0.2949834167957306,0.06303850561380386,0.28539103269577026,-0.9498041868209839,0.12815624475479126,0.09767819941043854,-0.10419619083404541,-0.9897485375404358
4,1648804747.2146387,194.1109161376953,-83.2509536743164,1534.536865234375,0.17304354906082153,-0.9823863506317139,0.07051972299814224,-0.9835891127586365,-0.17608003318309784,-0.0393487811088562,0.05107282102108002,-0.06255337595939636,-0.9967339634895325
300,1648804747.244301,273.0157775878906,91.41668701171875,1379.4078369140625,0.9534528851509094,0.29494017362594604,0.06275284290313721,0.28536680340766907,-0.949796199798584,0.1282692849636078,0.09743417799472809,-0.10439114272594452,-0.9897520542144775
4,1648804747.2443087,194.24716186523438,-83.22356414794922,1534.528564453125,0.17403244972229004,-0.9821932315826416,0.0707758292555809,-0.9834177494049072,-0.17707248032093048,-0.03917700797319412,0.051011841744184494,-0.06278413534164429,-0.9967225790023804
300,1648804747.2746358,273.01544189453125,91.40038299560547,1379.4061279296875,0.9534311294555664,0.29502949118614197,0.0626632422208786,0.28548234701156616,-0.9497849941253662,0.12809492647647858,0.09730838984251022,-0.10424043238162994,-0.9897803068161011
4,1648804747.2746432,194.2361602783203,-83.21741485595703,1534.50537109375,0.17377915978431702,-0.9821212291717529,0.0723784863948822,-0.9835636019706726,-0.17675308883190155,-0.0368909128010273,0.049024470150470734,-0.06477797031402588,-0.9966947436332703
300,1648804747.3042903,273.01263427734375,91.40473937988281,1379.3677978515625,0.953384518623352,0.2950171232223511,0.06342560797929764,0.2853736877441406,-0.9497952461242676,0.12826068699359894,0.09808044135570526,-0.10418176651000977,-0.98971027135849
4,1648804747.3042977,194.1872100830078,-83.2257308959961,1534.4052734375,0.17330987751483917,-0.9822288155555725,0.07204339653253555,-0.9835564494132996,-0.1763884425163269,-0.038778774440288544,0.05079725384712219,-0.0641380026936531,-0.9966473579406738
300,1648804747.3344433,273.0131530761719,91.40493774414062,1379.4005126953125,0.9534088373184204,0.2950045168399811,0.06311837583780289,0.2853649854660034,-0.9497590661048889,0.12854787707328796,0.09786945581436157,-0.1045469120144844,-0.9896926283836365
4,1648804747.3344502,194.21142578125,-83.22957611083984,1534.5076904296875,0.17328877747058868,-0.9821938872337341,0.07256858795881271,-0.983611524105072,-0.17632196843624115,-0.03766817972064018,0.04979288950562477,-0.06485182791948318,-0.996651828289032
300,1648804747.366796,273.0161437988281,91.41378784179688,1379.4134521484375,0.9533936381340027,0.2950163185596466,0.06329214572906494,0.2854311168193817,-0.9498383402824402,0.1278131902217865,0.09782428294420242,-0.10379073768854141,-0.9897766709327698
4,1648804747.3668034,194.359130859375,-83.2046890258789,1534.5299072265625,0.1738928258419037,-0.9818903803825378,0.0751831978559494,-0.9834517240524292,-0.17709508538246155,-0.038210008293390274,0.05083261430263519,-0.06729459762573242,-0.9964373707771301
300,1648804747.3970408,273.0126037597656,91.40989685058594,1379.4373779296875,0.9534338116645813,0.29497215151786804,0.06289171427488327,0.28542089462280273,-0.9498302936553955,0.12789557874202728,0.09746209532022476,-0.10398935526609421,-0.9897915720939636
4,1648804747.3970482,194.38134765625,-83.20841217041016,1534.583984375,0.17359232902526855,-0.9819045066833496,0.07569193094968796,-0.983509361743927,-0.1768091917037964,-0.038049858063459396,0.05074435472488403,-0.06783856451511383,-0.9964050054550171
300,1648804747.426951,273.0152587890625,91.4042739868164,1379.4383544921875,0.953465461730957,0.2949548363685608,0.06249202787876129,0.2853599190711975,-0.9497308731079102,0.1287669539451599,0.09733104705810547,-0.10494212806224823,-0.989703893661499
4,1648804747.4269586,194.1815185546875,-83.25023651123047,1534.5950927734375,0.17178992927074432,-0.9821473360061646,0.0766475573182106,-0.983851432800293,-0.17501455545425415,-0.03750045225024223,0.05024540796875954,-0.06896761059761047,-0.9963527917861938
300,1648804747.456886,273.0122375488281,91.40312194824219,1379.46435546875,0.9534863233566284,0.29496607184410095,0.0621197372674942,0.2853270471096039,-0.9496251344680786,0.12961694598197937,0.09722306579351425,-0.1058635488152504,-0.9896163940429688
4,1648804747.4568934,194.001220703125,-83.28286743164062,1534.54345703125,0.1701480895280838,-0.9824272394180298,0.07672238349914551,-0.9840700030326843,-0.17347121238708496,-0.038909148424863815,0.05153453350067139,-0.0688798800110817,-0.9962930083274841
300,1648804747.4868274,273.0177917480469,91.40161895751953,1379.40771484375,0.9533823728561401,0.2950524091720581,0.06329378485679626,0.28544431924819946,-0.9498035907745361,0.12804166972637177,0.09789566695690155,-0.10400581359863281,-0.9897470474243164
4,1648804747.4868348,193.81170654296875,-83.30724334716797,1534.53369140625,0.1681293249130249,-0.9827145338058472,0.07748985290527344,-0.9844827055931091,-0.17139920592308044,-0.03763186186552048,0.05026307702064514,-0.06996040046215057,-0.996282696723938
300,1648804747.5190082,273.0179138183594,91.40294647216797,1379.41259765625,0.953389585018158,0.295045405626297,0.06321828812360764,0.28546276688575745,-0.949821949005127,0.12786419689655304,0.09777186065912247,-0.10385791957378387,-0.9897748231887817
4,1648804747.519016,193.61415100097656,-83.32492065429688,1534.468505859375,0.16617421805858612,-0.9828917980194092,0.07943423092365265,-0.984848141670227,-0.16947641968727112,-0.03676782175898552,0.04960102215409279,-0.0721207857131958,-0.9961618185043335
300,1648804747.548644,273.01556396484375,91.40745544433594,1379.435791015625,0.9534503817558289,0.29496636986732483,0.06266748160123825,0.2853195071220398,-0.9496970772743225,0.12910540401935577,0.09759687632322311,-0.10521533340215683,-0.989648699760437
4,1648804747.5486512,193.43898010253906,-83.32239532470703,1534.3389892578125,0.16486197710037231,-0.9833600521087646,0.07631182670593262,-0.9851384162902832,-0.16795207560062408,-0.03597738593816757,0.048195455223321915,-0.06924641132354736,-0.9964346885681152
300,1648804747.5789795,273.0103454589844,91.40229034423828,1379.4302978515625,0.9534674286842346,0.2949919104576111,0.06228681653738022,0.28546953201293945,-0.9497683644294739,0.12824685871601105,0.09698983281850815,-0.10449820756912231,-0.9897843599319458
4,1648804747.5789876,193.2843017578125,-83.33854675292969,1534.1944580078125,0.1634058654308319,-0.9835312962532043,0.07723145186901093,-0.9853373169898987,-0.16659721732139587,-0.03682028502225876,0.04908044636249542,-0.07008238136768341,-0.9963330626487732
300,1648804747.6127906,273.0135498046875,91.40753173828125,1379.4525146484375,0.9534865021705627,0.2949138581752777,0.06236472353339195,0.2853616774082184,-0.9497705698013306,0.12847022712230682,0.09711983054876328,-0.10469812154769897,-0.9897505044937134
4,1648804747.6127985,193.19876098632812,-83.33187866210938,1534.17626953125,0.16303695738315582,-0.9835860133171082,0.07731431722640991,-0.9854745864868164,-0.1661217212677002,-0.03526151925325394,0.04752632603049278,-0.07044236361980438,-0.996383011341095
300,1648804747.6404116,273.01190185546875,91.40983581542969,1379.414306640625,0.9534801840782166,0.2949674725532532,0.06220763549208641,0.2854342460632324,-0.9497523903846741,0.12844349443912506,0.09696849435567856,-0.10471212863922119,-0.9897638559341431
4,1648804747.640419,193.3056182861328,-83.3128890991211,1534.1123046875,0.16375777125358582,-0.9834738969802856,0.07721678912639618,-0.9853162169456482,-0.16689375042915344,-0.036034468561410904,0.04832595959305763,-0.07018202543258667,-0.9963629245758057
300,1648804747.6710405,273.0111999511719,91.41564178466797,1379.3782958984375,0.9534232020378113,0.2949780523777008,0.06302497535943985,0.2854255139827728,-0.9498462677001953,0.12776687741279602,0.09755246341228485,-0.10382696986198425,-0.9897997379302979
4,1648804747.671048,193.4696044921875,-83.287353515625,1534.174560546875,0.16509154438972473,-0.9833101034164429,0.0764591172337532,-0.9851533770561218,-0.1681084781885147,-0.03481948375701904,0.0470917783677578,-0.06957555562257767,-0.9964645504951477
300,1648804747.7053509,273.0100402832031,91.40840148925781,1379.3779296875,0.9533882737159729,0.2949863374233246,0.06351298093795776,0.28541961312294006,-0.9498980045318604,0.12739479541778564,0.097910575568676,-0.10332884639501572,-0.9898164868354797
4,1648804747.7053592,194.04779052734375,-83.1886215209961,1534.1956787109375,0.16924981772899628,-0.9822500348091125,0.08086647093296051,-0.9843721985816956,-0.17252294719219208,-0.035315610468387604,0.04864007979631424,-0.07362554967403412,-0.9960991144180298
300,1648804747.7303371,273.0095520019531,91.41544342041016,1379.393798828125,0.9533964395523071,0.2949880063533783,0.06338205188512802,0.285380095243454,-0.9498353600502014,0.12794917821884155,0.09794598817825317,-0.1038983166217804,-0.9897533655166626
4,1648804747.7303448,194.38125610351562,-83.1156005859375,1534.2156982421875,0.17169807851314545,-0.9816620945930481,0.08282111585140228,-0.9840099811553955,-0.17493489384651184,-0.03349794074892998,0.047371961176395416,-0.07574527710676193,-0.9960013031959534
300,1648804747.7630696,273.0181884765625,91.41181945800781,1379.403076171875,0.9533753395080566,0.29505684971809387,0.06337952613830566,0.2854894995689392,-0.9498576521873474,0.12753881514072418,0.09783273190259933,-0.103498175740242,-0.9898064732551575
4,1648804747.7630785,194.4411163330078,-83.12271881103516,1534.2193603515625,0.17232227325439453,-0.9816269278526306,0.08193667978048325,-0.9838882088661194,-0.1755465865135193,-0.033872608095407486,0.04763396829366684,-0.07477952539920807,-0.9960617423057556
300,1648804747.7931879,273.01629638671875,91.4107437133789,1379.377197265625,0.953324556350708,0.29511258006095886,0.06388158351182938,0.28547146916389465,-0.9498342871665955,0.12775304913520813,0.09837844967842102,-0.10355374962091446,-0.9897465705871582
4,1648804747.7931955,194.29856872558594,-83.1574935913086,1534.303466796875,0.1716180294752121,-0.9818547964096069,0.08067496865987778,-0.9839990735054016,-0.17481988668441772,-0.034406669437885284,0.04788593947887421,-0.07347928732633591,-0.9961464405059814
300,1648804747.8230097,273.0120544433594,91.41069793701172,1379.41943359375,0.9533901214599609,0.29507288336753845,0.06308174133300781,0.2854720950126648,-0.949774980545044,0.12819205224514008,0.09773945808410645,-0.10420896112918854,-0.9897411465644836
4,1648804747.8230174,194.12648010253906,-83.2087631225586,1534.275390625,0.17020121216773987,-0.9822497963905334,0.07884693145751953,-0.9841283559799194,-0.1735135167837143,-0.03720851242542267,0.050229061394929886,-0.07126256823539734,-0.9961920976638794
300,1648804747.852883,273.0121154785156,91.42173767089844,1379.3992919921875,0.9534082412719727,0.2949872314929962,0.06320781260728836,0.2853781282901764,-0.9498094320297241,0.12814576923847198,0.09783674031496048,-0.1041371077299118,-0.9897390604019165
4,1648804747.8528907,194.10450744628906,-83.17865753173828,1534.3177490234375,0.17014877498149872,-0.9821687936782837,0.07996195554733276,-0.9842221140861511,-0.17337895929813385,-0.03530701994895935,0.048541173338890076,-0.0726928785443306,-0.9961724281311035
300,1648804747.8822658,273.0150146484375,91.41815948486328,1379.3624267578125,0.9533404111862183,0.29507216811180115,0.06383174657821655,0.28538596630096436,-0.9497916102409363,0.1282605081796646,0.098472960293293,-0.10405923426151276,-0.9896841645240784
4,1648804747.8822732,194.0950469970703,-83.21924591064453,1534.3497314453125,0.1697005331516266,-0.9822087287902832,0.08042207360267639,-0.9841873645782471,-0.17311355471611023,-0.03750854730606079,0.05076337233185768,-0.07278516888618469,-0.9960549473762512
300,1648804747.914298,273.0172424316406,91.41326141357422,1379.333251953125,0.9533447623252869,0.2949880361557007,0.06415428966283798,0.2853555381298065,-0.9499184489250183,0.1273859590291977,0.09851867705583572,-0.10313595831394196,-0.9897762537002563
4,1648804747.9143069,193.99781799316406,-83.239990234375,1534.4036865234375,0.1691829264163971,-0.9824137687683105,0.07899560779333115,-0.9843428730964661,-0.17244835197925568,-0.03647841513156891,0.049459557980298996,-0.07158723473548889,-0.9962072968482971
300,1648804747.9442408,273.01422119140625,91.41747283935547,1379.3797607421875,0.9533847570419312,0.2949521243572235,0.06372404843568802,0.2853507101535797,-0.949901282787323,0.12752476334571838,0.0981452539563179,-0.1033964604139328,-0.9897862076759338
4,1648804747.944249,194.03082275390625,-83.24756622314453,1534.509033203125,0.1696079820394516,-0.9822136163711548,0.08055780082941055,-0.9842810034751892,-0.17291298508644104,-0.035944171249866486,0.04923434555530548,-0.07319509983062744,-0.9961016178131104
300,1648804747.9748173,273.0052795410156,91.40837860107422,1379.359619140625,0.9533645510673523,0.29501965641975403,0.06371395289897919,0.2854228913784027,-0.9498847723007202,0.12748593091964722,0.09813176840543747,-0.10335514694452286,-0.9897918105125427
4,1648804747.974825,194.12998962402344,-83.23999786376953,1534.5101318359375,0.1703857183456421,-0.9822128415107727,0.07890879362821579,-0.9840613603591919,-0.17374911904335022,-0.037874363362789154,0.05091102048754692,-0.07119784504175186,-0.9961621165275574
300,1648804748.0052328,273.0083923339844,91.40464782714844,1379.4091796875,0.9534521698951721,0.29493823647499084,0.0627727210521698,0.28543606400489807,-0.9498757123947144,0.12752409279346466,0.09723801910877228,-0.10367052257061005,-0.9898470640182495
4,1648804748.0052407,194.25668334960938,-83.23822784423828,1534.529541015625,0.1712799370288849,-0.9820240139961243,0.07932217419147491,-0.983907163143158,-0.1746547371149063,-0.037714410573244095,0.050890449434518814,-0.07158593833446503,-0.9961353540420532
300,1648804748.0345426,273.0130920410156,91.40847778320312,1379.373779296875,0.9533716440200806,0.29502376914024353,0.06358835101127625,0.2854350805282593,-0.9498744010925293,0.1275360882282257,0.09802712500095367,-0.10343894362449646,-0.9897934198379517
4,1648804748.0345497,194.2957305908203,-83.24810791015625,1534.608154296875,0.17154723405838013,-0.9819750785827637,0.07935046404600143,-0.9838355779647827,-0.1749572902917862,-0.03817794844508171,0.05137273669242859,-0.07151848077774048,-0.9961154460906982
300,1648804748.0671444,273.0142517089844,91.41075897216797,1379.3651123046875,0.9532994031906128,0.29511603713035583,0.06424038857221603,0.28535884618759155,-0.9497618079185486,0.12854105234146118,0.09894759953022003,-0.10420654714107513,-0.9896213412284851
4,1648804748.0671525,194.3282470703125,-83.25926971435547,1534.6708984375,0.17184247076511383,-0.9818198680877686,0.08062176406383514,-0.9837350845336914,-0.17536945641040802,-0.038869716227054596,0.05230165272951126,-0.07263098657131195,-0.9959865808486938
300,1648804748.0970728,273.0085754394531,91.406005859375,1379.37109375,0.9533450603485107,0.295047789812088,0.06387466192245483,0.28538405895233154,-0.9498286247253418,0.1279902458190918,0.09843321889638901,-0.1037900522351265,-0.9897164106369019
4,1648804748.0970805,194.28045654296875,-83.27247619628906,1534.7711181640625,0.17147040367126465,-0.9818830490112305,0.08064445853233337,-0.9838442206382751,-0.17493756115436554,-0.03804420307278633,0.051462702453136444,-0.07281813025474548,-0.9960166215896606
300,1648804748.1269002,273.0243225097656,91.41938781738281,1379.4168701171875,0.9533368349075317,0.29505249857902527,0.0639755129814148,0.2854330837726593,-0.9498880505561829,0.12743902206420898,0.09837077558040619,-0.10323159396648407,-0.9897810220718384
4,1648804748.1269078,194.02536010742188,-83.31977844238281,1534.7196044921875,0.17000709474086761,-0.9823773503303528,0.0776677057147026,-0.9840269684791565,-0.17345815896987915,-0.04003976285457611,0.05280625447630882,-0.06962008029222488,-0.9961749315261841
300,1648804748.15659,273.0175476074219,91.40678405761719,1379.3924560546875,0.9533798694610596,0.2950383722782135,0.06339738517999649,0.28539761900901794,-0.9497877955436707,0.12826286256313324,0.09805653244256973,-0.10418976098299026,-0.9897117614746094
4,1648804748.1565988,193.89181518554688,-83.3419418334961,1534.704833984375,0.16876071691513062,-0.9826592803001404,0.07681485265493393,-0.9843116402626038,-0.1720883548259735,-0.03893885388970375,0.05148256570100784,-0.06903840601444244,-0.9962847232818604
300,1648804748.1870475,273.01080322265625,91.40464782714844,1379.3798828125,0.953412652015686,0.2949948310852051,0.06310591101646423,0.28542444109916687,-0.949833869934082,0.12786121666431427,0.09765852987766266,-0.10389253497123718,-0.9897823929786682
4,1648804748.1870556,193.78797912597656,-83.35363006591797,1534.6260986328125,0.16808363795280457,-0.9827170372009277,0.07755684852600098,-0.984391450881958,-0.17149131000041962,-0.0395495630800724,0.05216635391116142,-0.06969866156578064,-0.9962031841278076
300,1648804748.219038,273.0127868652344,91.40656280517578,1379.391357421875,0.9533907175064087,0.2949923574924469,0.06344833225011826,0.28537067770957947,-0.9498289227485657,0.1280180811882019,0.09802941232919693,-0.10394494980573654,-0.9897401928901672
4,1648804748.2190459,193.65707397460938,-83.38829040527344,1534.6971435546875,0.16716721653938293,-0.9830189347267151,0.07568979263305664,-0.9845330119132996,-0.17052116990089417,-0.04021526128053665,0.05243907496333122,-0.06779643148183823,-0.9963201284408569
300,1648804748.24912,273.0129699707031,91.4042739868164,1379.390625,0.9534308314323425,0.29493632912635803,0.06310505419969559,0.28539836406707764,-0.9498854875564575,0.1275356560945511,0.09755747020244598,-0.1035863384604454,-0.9898244142532349
4,1648804748.2491279,193.4336700439453,-83.4476318359375,1534.8211669921875,0.16573566198349,-0.9833357334136963,0.0747159793972969,-0.9847774505615234,-0.16905109584331512,-0.04043619707226753,0.05239317938685417,-0.06687689572572708,-0.9963846802711487
300,1648804748.2784142,273.0151672363281,91.40160369873047,1379.370849609375,0.9533875584602356,0.2949898838996887,0.06350674480199814,0.28534644842147827,-0.9498149156570435,0.1281757801771164,0.09813021123409271,-0.10407977551221848,-0.9897160530090332
4,1648804748.2784219,193.3263702392578,-83.49188995361328,1534.957763671875,0.16515490412712097,-0.9835360050201416,0.07335402071475983,-0.9849237203598022,-0.16835445165634155,-0.039775241166353226,0.05146985501050949,-0.06567903608083725,-0.9965124726295471
300,1648804748.310789,273.0087585449219,91.40655517578125,1379.388671875,0.9534149169921875,0.29495328664779663,0.06326565891504288,0.2853192389011383,-0.9498012065887451,0.12833771109580994,0.09794343262910843,-0.10430818051099777,-0.9897105097770691
4,1648804748.310797,192.96214294433594,-83.58287048339844,1535.0548095703125,0.1625707745552063,-0.9841315746307373,0.07110432535409927,-0.9852116107940674,-0.1658565253019333,-0.043007686734199524,0.05411833897233009,-0.06306101381778717,-0.9965412616729736
300,1648804748.3408298,273.0129699707031,91.40715789794922,1379.3671875,0.9533674120903015,0.29501229524612427,0.06370504200458527,0.2853466868400574,-0.9498130679130554,0.12818901240825653,0.098325215280056,-0.1040332019329071,-0.9897015690803528
4,1648804748.340838,192.6556396484375,-83.65221405029297,1535.0806884765625,0.1601463258266449,-0.9846326112747192,0.06965504586696625,-0.9854678511619568,-0.16353203356266022,-0.045939456671476364,0.056624315679073334,-0.06128577142953873,-0.996512770652771
300,1648804748.3706222,273.0166931152344,91.40571594238281,1379.3963623046875,0.9533807039260864,0.2950306534767151,0.06342014670372009,0.2854507267475128,-0.9498578310012817,0.12762421369552612,0.09789317846298218,-0.10357113927602768,-0.9897928833961487
4,1648804748.37063,192.51820373535156,-83.69180297851562,1535.105224609375,0.15884056687355042,-0.9847427010536194,0.071073979139328,-0.9856307506561279,-0.16234955191612244,-0.046632811427116394,0.05746014788746834,-0.06264551728963852,-0.9963803887367249
300,1648804748.4006288,273.01531982421875,91.43031311035156,1379.3531494140625,0.9533225893974304,0.29504600167274475,0.06421709060668945,0.28536492586135864,-0.9498592019081116,0.1278059482574463,0.09870583564043045,-0.10351499915122986,-0.9897180199623108
4,1648804748.4006367,192.35208129882812,-83.66373443603516,1535.0911865234375,0.15737102925777435,-0.9849898219108582,0.07091822475194931,-0.9859641790390015,-0.1607690155506134,-0.04503267630934715,0.05575818195939064,-0.06283599138259888,-0.9964650869369507
300,1648804748.430847,273.0162658691406,91.41578674316406,1379.3843994140625,0.9533857107162476,0.2950283885002136,0.06335524469614029,0.28545284271240234,-0.9498539566993713,0.12764853239059448,0.09783817082643509,-0.10361336171627045,-0.9897938966751099
4,1648804748.4308567,192.6564178466797,-83.6243896484375,1535.0438232421875,0.158710315823555,-0.984599232673645,0.07331692427396774,-0.9857375621795654,-0.16222712397575378,-0.04476439580321312,0.055968984961509705,-0.06516667455434799,-0.9963035583496094
300,1648804748.4627194,273.0189514160156,91.4149398803711,1379.4134521484375,0.9534358978271484,0.29492390155792236,0.06308653950691223,0.2854430079460144,-0.9499470591545105,0.12697602808475494,0.09737713634967804,-0.10305587947368622,-0.9898975491523743
4,1648804748.4627268,192.85488891601562,-83.57046508789062,1534.9423828125,0.1610216498374939,-0.9843729138374329,0.07128825783729553,-0.9853981137275696,-0.16439853608608246,-0.04431351646780968,0.055340711027383804,-0.06311187893152237,-0.9964709281921387
300,1648804748.493251,273.0204162597656,91.4043197631836,1379.4193115234375,0.9533630609512329,0.2950330972671509,0.06367378681898117,0.2854214012622833,-0.9498594403266907,0.12767808139324188,0.09815040230751038,-0.10354970395565033,-0.9897696375846863
4,1648804748.4932587,193.203857421875,-83.4903793334961,1534.90625,0.1637313812971115,-0.9838109016418457,0.0728568360209465,-0.9850234985351562,-0.16708499193191528,-0.04255998879671097,0.05404426530003548,-0.0647972896695137,-0.9964339137077332
300,1648804748.5232189,273.0137634277344,91.40943145751953,1379.394775390625,0.9533640742301941,0.2950391173362732,0.06363081932067871,0.28542494773864746,-0.9498489499092102,0.1277480274438858,0.09813033789396286,-0.10362854599952698,-0.9897633790969849
4,1648804748.523226,193.5737762451172,-83.40809631347656,1534.838134765625,0.16650526225566864,-0.9831739068031311,0.07513345032930374,-0.9846599698066711,-0.16981953382492065,-0.04007633030414581,0.05216113105416298,-0.0673079788684845,-0.9963678121566772
300,1648804748.5530734,273.02294921875,91.42255401611328,1379.3756103515625,0.9533727169036865,0.2949846684932709,0.06375391036272049,0.2853267192840576,-0.949836254119873,0.12806150317192078,0.09833195805549622,-0.10389964282512665,-0.9897149801254272
4,1648804748.5530813,193.88650512695312,-83.30918884277344,1534.6275634765625,0.16864217817783356,-0.9825848340988159,0.07801857590675354,-0.9842900037765503,-0.17207454144954681,-0.03954218700528145,0.052278559654951096,-0.07012441754341125,-0.9961674213409424
300,1648804748.5831327,273.01708984375,91.41728973388672,1379.39892578125,0.9533251523971558,0.2950970530509949,0.0639447569847107,0.2854122817516327,-0.9498018026351929,0.1281261444091797,0.09854448586702347,-0.10389525443315506,-0.9896942973136902
4,1648804748.5831404,194.2095489501953,-83.23253631591797,1534.5838623046875,0.17070363461971283,-0.9817766547203064,0.0835157260298729,-0.9839339256286621,-0.17434784770011902,-0.038430579006671906,0.052291031926870346,-0.07561371475458145,-0.9957651495933533
300,1648804748.614329,273.0121765136719,91.42947387695312,1379.435791015625,0.9534434676170349,0.29495102167129517,0.06284474581480026,0.285397469997406,-0.9498273730278015,0.12796953320503235,0.09743640571832657,-0.10407599061727524,-0.9897850155830383
4,1648804748.6143363,194.43653869628906,-83.17863464355469,1534.6014404296875,0.17281155288219452,-0.9815695881843567,0.08159223198890686,-0.9836100935935974,-0.1763097643852234,-0.03776239976286888,0.05145193263888359,-0.07372916489839554,-0.9959501624107361
300,1648804748.6449378,273.0091552734375,91.42323303222656,1379.3905029296875,0.9534378051757812,0.29493963718414307,0.06298375129699707,0.28534379601478577,-0.9498055577278137,0.12825119495391846,0.09764868021011353,-0.10430751740932465,-0.989739716053009
4,1648804748.644946,194.4626007080078,-83.19172668457031,1534.6251220703125,0.17330525815486908,-0.9816192984580994,0.07993002235889435,-0.9835668802261353,-0.17667590081691742,-0.037172116339206696,0.05061057582497597,-0.07217440009117126,-0.9961071610450745
300,1648804748.6743488,273.0130310058594,91.42340850830078,1379.3919677734375,0.9533477425575256,0.2950651943683624,0.06375383585691452,0.28539881110191345,-0.9498035311698914,0.1281437873840332,0.09836439043283463,-0.10397032648324966,-0.9897043108940125
4,1648804748.6743565,194.4160614013672,-83.19282531738281,1534.6046142578125,0.1731044352054596,-0.9818142056465149,0.0779467523097992,-0.9835629463195801,-0.17645438015460968,-0.038312193006277084,0.051369503140449524,-0.07003352791070938,-0.996221125125885
300,1648804748.7042487,273.01312255859375,91.41752624511719,1379.373291015625,0.9534010887145996,0.29495590925216675,0.06346185505390167,0.285441130399704,-0.9499545693397522,0.1269238144159317,0.09772280603647232,-0.10289467871189117,-0.9898802638053894
4,1648804748.7042565,194.30223083496094,-83.23265838623047,1534.6082763671875,0.17239969968795776,-0.9818891286849976,0.07856262475252151,-0.9836196899414062,-0.17586694657802582,-0.0395367406308651,0.052637264132499695,-0.07045961916446686,-0.9961248636245728
300,1648804748.7345865,273.0115051269531,91.41156768798828,1379.369384765625,0.9533873796463013,0.2950385510921478,0.06328331679105759,0.28540661931037903,-0.9497808218002319,0.12829448282718658,0.09795709699392319,-0.10425286740064621,-0.9897149801254272
4,1648804748.7346084,194.10060119628906,-83.26464080810547,1534.6927490234375,0.17118559777736664,-0.9822770953178406,0.07633593678474426,-0.9838273525238037,-0.17457230389118195,-0.04010291025042534,0.05271831154823303,-0.0682363361120224,-0.9962753653526306
300,1648804748.7670298,273.0171203613281,91.42078399658203,1379.355224609375,0.9532699584960938,0.29508116841316223,0.06483443081378937,0.28528493642807007,-0.9498150944709778,0.12831148505210876,0.09944302588701248,-0.10381919890642166,-0.9896124005317688
4,1648804748.7670403,193.48736572265625,-83.39169311523438,1534.772216796875,0.1666460484266281,-0.983410656452179,0.07164184749126434,-0.9845859408378601,-0.169877290725708,-0.04162070155143738,0.05310056731104851,-0.06360162794589996,-0.9965616464614868
300,1648804748.7962317,273.0127258300781,91.39920806884766,1379.4263916015625,0.9535227417945862,0.2948146164417267,0.062279585748910904,0.285338431596756,-0.9498693346977234,0.12778964638710022,0.09683172404766083,-0.10407957434654236,-0.9898439645767212
4,1648804748.79624,192.8490753173828,-83.53003692626953,1534.884521484375,0.16252107918262482,-0.9843230247497559,0.0685209408402443,-0.9852545857429504,-0.16565442085266113,-0.04280167073011398,0.053481463342905045,-0.06055440008640289,-0.9967311024665833
300,1648804748.8270383,273.0106506347656,91.4011001586914,1379.414306640625,0.9533987641334534,0.2949393689632416,0.06357289105653763,0.28541210293769836,-0.9499618411064148,0.12693458795547485,0.09782982617616653,-0.10287480801343918,-0.9898717403411865
4,1648804748.827046,192.38150024414062,-83.63465881347656,1534.9547119140625,0.15886829793453217,-0.9849424958229065,0.06818433851003647,-0.9857872128486633,-0.16206751763820648,-0.04424543306231499,0.054629676043987274,-0.060186050832271576,-0.9966911673545837
300,1648804748.857074,273.00994873046875,91.40101623535156,1379.4512939453125,0.9534826278686523,0.29488229751586914,0.0625724345445633,0.2854158282279968,-0.9499017596244812,0.127375066280365,0.09699831902980804,-0.10359075665473938,-0.9898789525032043
4,1648804748.8570821,192.08753967285156,-83.70182800292969,1535.042724609375,0.1566721796989441,-0.9853719472885132,0.06705214828252792,-0.986139714717865,-0.15982545912265778,-0.04454538971185684,0.054610416293144226,-0.059143759310245514,-0.9967545866966248
300,1648804748.886992,273.0195617675781,91.41163635253906,1379.4097900390625,0.9533683061599731,0.2950309216976166,0.06360483169555664,0.28544488549232483,-0.9498774409294128,0.12749159336090088,0.09803075343370438,-0.10339076817035675,-0.9897981286048889
4,1648804748.8869996,191.82156372070312,-83.73140716552734,1535.02685546875,0.15455706417560577,-0.9857763648033142,0.06600835919380188,-0.9865348935127258,-0.15760266780853271,-0.04370732977986336,0.05348874628543854,-0.058364275842905045,-0.9968613386154175
300,1648804748.9191601,273.0207214355469,91.42475128173828,1379.348876953125,0.9533361196517944,0.29507166147232056,0.06389827281236649,0.2854746878147125,-0.9498950839042664,0.1272931694984436,0.09825725853443146,-0.10311184078454971,-0.989804744720459
4,1648804748.9191678,191.59283447265625,-83.79289245605469,1535.0712890625,0.15323767066001892,-0.9860910177230835,0.06436378508806229,-0.9867231249809265,-0.15623220801353455,-0.04437311738729477,0.053811632096767426,-0.05670960247516632,-0.996939480304718
300,1648804748.948716,273.01373291015625,91.4273452758789,1379.399169921875,0.9532768130302429,0.29515889286994934,0.06437788903713226,0.285432904958725,-0.9498013854026794,0.12808354198932648,0.09895119816064835,-0.10372349619865417,-0.9896717071533203
4,1648804748.9487243,191.5902862548828,-83.77923583984375,1535.1019287109375,0.1533801406621933,-0.9861313104629517,0.06340009719133377,-0.9866432547569275,-0.156389981508255,-0.0455767922103405,0.054859843105077744,-0.05556270480155945,-0.9969469308853149
300,1648804748.9791582,273.0035095214844,91.42928314208984,1379.4310302734375,0.9533019661903381,0.2950678765773773,0.06442288309335709,0.28536832332611084,-0.9498623013496399,0.12777547538280487,0.09889530390501022,-0.10342437028884888,-0.9897086024284363
4,1648804748.9791658,191.70692443847656,-83.77471160888672,1535.2696533203125,0.1541452556848526,-0.9860061407089233,0.06349155306816101,-0.9865419268608093,-0.15713906288146973,-0.04519205540418625,0.054536644369363785,-0.05567093938589096,-0.9969586133956909
300,1648804749.0110064,273.0176086425781,91.41264343261719,1379.3450927734375,0.9532601833343506,0.2950798273086548,0.06498397141695023,0.28538253903388977,-0.9499391317367554,0.12717092037200928,0.09925638884305954,-0.10268168151378632,-0.9897497892379761
4,1648804749.0110142,191.7008819580078,-83.80974578857422,1535.363525390625,0.15462927520275116,-0.9859918355941772,0.06252895295619965,-0.9863982200622559,-0.15764489769935608,-0.046547163277864456,0.05575249344110489,-0.054480891674757004,-0.9969571232795715
300,1648804749.0403044,273.0152587890625,91.40592956542969,1379.380126953125,0.9532991647720337,0.29509034752845764,0.06436146050691605,0.2853949964046478,-0.9498514533042908,0.12779644131660461,0.09884532541036606,-0.10345980525016785,-0.9897099137306213
4,1648804749.0403118,191.66970825195312,-83.82795715332031,1535.4119873046875,0.1546023041009903,-0.9861460328102112,0.06011778488755226,-0.9863198399543762,-0.15757966041564941,-0.048392172902822495,0.057195089757442474,-0.051813822239637375,-0.9970175623893738
300,1648804749.0711856,273.00860595703125,91.4029769897461,1379.3916015625,0.9533299803733826,0.29510122537612915,0.06385266035795212,0.28532618284225464,-0.949691891670227,0.12912894785404205,0.09874646365642548,-0.10488367080688477,-0.989569902420044
4,1648804749.0711954,191.58763122558594,-83.84310913085938,1535.4993896484375,0.15373112261295319,-0.9863264560699463,0.05938703939318657,-0.9864905476570129,-0.15664373338222504,-0.04794921725988388,0.056596189737319946,-0.05121346563100815,-0.9970827698707581
300,1648804749.1004946,273.0112609863281,91.40779113769531,1379.4527587890625,0.9534912109375,0.2948993742465973,0.06236080080270767,0.28532955050468445,-0.9497552514076233,0.1286546289920807,0.09716767072677612,-0.10487768054008484,-0.9897267818450928
4,1648804749.1005025,191.4932403564453,-83.82727813720703,1535.4149169921875,0.15298163890838623,-0.9862436056137085,0.06261088699102402,-0.9866640567779541,-0.15599672496318817,-0.046466149389743805,0.05559403821825981,-0.05466744303703308,-0.9969557523727417
300,1648804749.1304154,273.0179138183594,91.41009521484375,1379.4326171875,0.9533974528312683,0.29502978920936584,0.06317173689603806,0.285417377948761,-0.9497882127761841,0.12821552157402039,0.09782717376947403,-0.10421004891395569,-0.9897323250770569
4,1648804749.1304226,191.23167419433594,-83.84323120117188,1535.2957763671875,0.15100038051605225,-0.9867321848869324,0.05965350195765495,-0.9869977831840515,-0.1538536250591278,-0.046523455530405045,0.055084098130464554,-0.051852814853191376,-0.9971343874931335
300,1648804749.1624513,273.0166320800781,91.41162872314453,1379.3968505859375,0.9533293843269348,0.29507169127464294,0.06399860978126526,0.28537383675575256,-0.9498031139373779,0.12820231914520264,0.09861495345830917,-0.10395549982786179,-0.9896809458732605
4,1648804749.1624591,191.03858947753906,-83.82941436767578,1535.0821533203125,0.1495416760444641,-0.987034261226654,0.05831465870141983,-0.987251877784729,-0.15230561792850494,-0.04622448980808258,0.054506804794073105,-0.05065876990556717,-0.9972274899482727
300,1648804749.19236,273.0188903808594,91.40599822998047,1379.4251708984375,0.9533390998840332,0.2951474189758301,0.06350285559892654,0.28543877601623535,-0.9496985673904419,0.12883083522319794,0.09833265841007233,-0.10469329357147217,-0.9896312355995178
4,1648804749.192368,191.07696533203125,-83.80264282226562,1534.973388671875,0.14975330233573914,-0.9868671894073486,0.06055701896548271,-0.9872788190841675,-0.15256337821483612,-0.044776156544685364,0.05342690274119377,-0.05308128520846367,-0.9971599578857422
300,1648804749.2223787,273.0194396972656,91.41876983642578,1379.4095458984375,0.953361451625824,0.29505765438079834,0.06358379125595093,0.2854599356651306,-0.9498541951179504,0.12763077020645142,0.09805376827716827,-0.10352763533592224,-0.9897815585136414
4,1648804749.2223856,191.17405700683594,-83.75833892822266,1534.9100341796875,0.15079395473003387,-0.9867882132530212,0.0592474602162838,-0.987143337726593,-0.15351971983909607,-0.0444946326315403,0.053002431988716125,-0.0517762117087841,-0.9972512125968933
300,1648804749.2529697,273.01910400390625,91.408203125,1379.3876953125,0.9533295631408691,0.2951347529888153,0.06370391696691513,0.2854548394680023,-0.9497615694999695,0.12832963466644287,0.09837806969881058,-0.10415584594011307,-0.9896834492683411
4,1648804749.2529776,191.18991088867188,-83.73660278320312,1534.8858642578125,0.15078891813755035,-0.9867966175079346,0.05911972373723984,-0.9872182607650757,-0.15343554317951202,-0.04310068488121033,0.05160267651081085,-0.05186496675014496,-0.9973199963569641
300,1648804749.2823267,273.0165710449219,91.41847229003906,1379.3636474609375,0.9533500671386719,0.29505205154418945,0.06378071010112762,0.28535711765289307,-0.949781060218811,0.12840290367603302,0.09846325218677521,-0.10421263426542282,-0.9896689653396606
4,1648804749.2823346,191.0993194580078,-83.74779510498047,1534.85791015625,0.15062937140464783,-0.9869519472122192,0.05689140409231186,-0.9872210025787354,-0.15319930016994476,-0.04387064278125763,0.05201394110918045,-0.0495561808347702,-0.9974160194396973
300,1648804749.314433,273.0220642089844,91.41361999511719,1379.3702392578125,0.9533229470252991,0.29504281282424927,0.06422647833824158,0.28534820675849915,-0.9498472809791565,0.12793196737766266,0.0987507551908493,-0.1036335751414299,-0.9897011518478394
4,1648804749.31444,190.75311279296875,-83.82759094238281,1534.8175048828125,0.14855171740055084,-0.9873924851417542,0.05466647818684578,-0.9875062704086304,-0.15105359256267548,-0.044879890978336334,0.05257163569331169,-0.047316502779722214,-0.9974955320358276
300,1648804749.34435,273.0229797363281,91.41466522216797,1379.38623046875,0.9533604383468628,0.2950035035610199,0.06384982913732529,0.28539928793907166,-0.9499008059501648,0.12741927802562714,0.09824013710021973,-0.1032538041472435,-0.9897916316986084
4,1648804749.3443577,190.74569702148438,-83.82209777832031,1534.6890869140625,0.1481691598892212,-0.9874849915504456,0.05403033271431923,-0.987514853477478,-0.1506858766078949,-0.04591493308544159,0.05348191782832146,-0.04655257984995842,-0.9974830746650696
300,1648804749.3745089,273.0234375,91.41279602050781,1379.4033203125,0.9533740878105164,0.29503417015075684,0.06350339949131012,0.2854393720626831,-0.9498528838157654,0.12768666446208954,0.09799081087112427,-0.10360679030418396,-0.9897794723510742
4,1648804749.3745167,190.77572631835938,-83.7943344116211,1534.6297607421875,0.14852821826934814,-0.9874057173728943,0.05449121072888374,-0.9875683188438416,-0.15096905827522278,-0.04378600791096687,0.05146104097366333,-0.04731033369898796,-0.9975537657737732
300,1648804749.4045835,273.01885986328125,91.41500854492188,1379.4031982421875,0.9534025192260742,0.2950083017349243,0.06319614499807358,0.28548088669776917,-0.9498883485794067,0.12732943892478943,0.09759251773357391,-0.10335491597652435,-0.9898451566696167
4,1648804749.404591,190.74319458007812,-83.78861236572266,1534.6510009765625,0.14838464558124542,-0.987393856048584,0.055093806236982346,-0.9876375794410706,-0.15080757439136505,-0.04276745021343231,0.050536882132291794,-0.04806668311357498,-0.9975648522377014
300,1648804749.434669,273.0201416015625,91.41249084472656,1379.4228515625,0.9533371329307556,0.29506614804267883,0.06390850991010666,0.28540313243865967,-0.9498287439346313,0.12794692814350128,0.09845494478940964,-0.10373686254024506,-0.989719808101654
4,1648804749.4346762,190.57559204101562,-83.83992004394531,1534.677490234375,0.14723102748394012,-0.9876586198806763,0.053418438881635666,-0.9877339601516724,-0.14965246617794037,-0.04456234350800514,0.05200657993555069,-0.046202246099710464,-0.997577428817749
300,1648804749.46627,273.0225524902344,91.41804504394531,1379.420166015625,0.953366219997406,0.2950499355792999,0.06354814022779465,0.2854730188846588,-0.9498734474182129,0.12745822966098785,0.09796923398971558,-0.10337308794260025,-0.989806056022644
4,1648804749.4662778,190.44439697265625,-83.88338470458984,1534.84716796875,0.14643605053424835,-0.9878133535385132,0.0527380034327507,-0.9878786206245422,-0.14880506694316864,-0.044191792607307434,0.05150092393159866,-0.045627474784851074,-0.9976300597190857
300,1648804749.4963312,273.01971435546875,91.41885375976562,1379.4329833984375,0.9533964395523071,0.2950122356414795,0.06326959282159805,0.2854081988334656,-0.9498162865638733,0.12802810966968536,0.09786434471607208,-0.10400388389825821,-0.989750325679779
4,1648804749.4963408,190.32003784179688,-83.93869018554688,1534.9671630859375,0.14573779702186584,-0.9879400134086609,0.052297428250312805,-0.9878858923912048,-0.1481710821390152,-0.04611777886748314,0.053310565650463104,-0.044942788779735565,-0.9975661039352417
300,1648804749.5264158,273.01776123046875,91.42001342773438,1379.4444580078125,0.9534488916397095,0.29496973752975464,0.06267426908016205,0.2854287028312683,-0.949810802936554,0.12802298367023468,0.09729160368442535,-0.10417434573173523,-0.9897888898849487
4,1648804749.5264232,190.22402954101562,-83.94934844970703,1534.931396484375,0.14487437903881073,-0.9880805015563965,0.05204126611351967,-0.9880291819572449,-0.14728379249572754,-0.045889053493738174,0.053006913512945175,-0.04477014020085335,-0.9975900650024414
300,1648804749.5570815,273.01422119140625,91.42415618896484,1379.4517822265625,0.9534497857093811,0.29498860239982605,0.06257137656211853,0.28543925285339355,-0.9497814774513245,0.12821689248085022,0.09725166112184525,-0.1043880507349968,-0.9897702932357788
4,1648804749.5570893,189.96957397460938,-83.98322296142578,1534.972900390625,0.1432390809059143,-0.9884089827537537,0.05030175298452377,-0.9883202910423279,-0.14552751183509827,-0.045219242572784424,0.05201539397239685,-0.04323707893490791,-0.9977098703384399
300,1648804749.5863929,273.0157775878906,91.41326904296875,1379.431884765625,0.9534241557121277,0.29497966170310974,0.06300342828035355,0.2853470742702484,-0.9497572779655457,0.1286008208990097,0.09777259081602097,-0.10463328659534454,-0.9896931052207947
4,1648804749.586401,189.60897827148438,-84.05909729003906,1534.9571533203125,0.14065295457839966,-0.9888814091682434,0.048273392021656036,-0.9885950088500977,-0.14292848110198975,-0.047448791563510895,0.05382086709141731,-0.04104901850223541,-0.9977065324783325
300,1648804749.6185145,273.015869140625,91.41799926757812,1379.4241943359375,0.9534122347831726,0.29497355222702026,0.063211590051651,0.2853131890296936,-0.9497594237327576,0.1286601722240448,0.09798715263605118,-0.10463108122348785,-0.989672064781189
4,1648804749.6185217,189.16339111328125,-84.15238952636719,1535.0245361328125,0.13725890219211578,-0.98943692445755,0.04663178697228432,-0.9890872240066528,-0.13945087790489197,-0.04753914475440979,0.053539831191301346,-0.039597731083631516,-0.9977802634239197
300,1648804749.6485617,273.0181884765625,91.40729522705078,1379.40771484375,0.9534199237823486,0.29500240087509155,0.06296052783727646,0.2853755056858063,-0.9497504830360413,0.12858805060386658,0.09773056954145432,-0.10463101416826248,-0.9896974563598633
4,1648804749.6485693,188.51437377929688,-84.27479553222656,1535.1602783203125,0.1329585313796997,-0.990223228931427,0.0421893410384655,-0.9896425008773804,-0.1349644809961319,-0.04891182854771614,0.05412769317626953,-0.03524911776185036,-0.9979116916656494
300,1648804749.679056,273.0161437988281,91.40591430664062,1379.3966064453125,0.9534708261489868,0.2948923408985138,0.0627051368355751,0.2854103446006775,-0.9499011039733887,0.12739236652851105,0.09713071584701538,-0.10356821119785309,-0.9898682832717896
4,1648804749.6790638,187.85411071777344,-84.3768310546875,1535.206787109375,0.12787622213363647,-0.990991473197937,0.03979445993900299,-0.9901834726333618,-0.12984918057918549,-0.051728419959545135,0.056429702788591385,-0.03278898447751999,-0.997868001461029
300,1648804749.7104552,273.0220031738281,91.40592193603516,1379.3931884765625,0.9533926844596863,0.29497015476226807,0.06352125853300095,0.2853901982307434,-0.9498899579048157,0.12752048671245575,0.0979529470205307,-0.1034487634897232,-0.9897997379302979
4,1648804749.7104633,187.42819213867188,-84.4264144897461,1535.151611328125,0.12492141127586365,-0.9914114475250244,0.03870423883199692,-0.99056476354599,-0.12684060633182526,-0.051892850548028946,0.056356433779001236,-0.03185652568936348,-0.9979023337364197
300,1648804749.7403944,273.020751953125,91.40620422363281,1379.43798828125,0.9534471035003662,0.2949289083480835,0.06289348006248474,0.28535813093185425,-0.9498225450515747,0.12809336185455322,0.09751607477664948,-0.10418308526277542,-0.9897658824920654
4,1648804749.7404017,187.32107543945312,-84.42317199707031,1535.0771484375,0.12372487783432007,-0.9915515184402466,0.0389588326215744,-0.9908183217048645,-0.1255994290113449,-0.050038162618875504,0.054508622735738754,-0.0324101597070694,-0.9979871511459351
300,1648804749.7705905,273.01812744140625,91.40913391113281,1379.4366455078125,0.9534217119216919,0.2949812114238739,0.06303270906209946,0.28536638617515564,-0.9497799873352051,0.12838998436927795,0.09773984551429749,-0.10442239046096802,-0.9897186160087585
4,1648804749.770598,187.22604370117188,-84.4305191040039,1534.955322265625,0.12326976656913757,-0.991630494594574,0.038386717438697815,-0.9909224510192871,-0.12508828938007355,-0.04925088584423065,0.05364041030406952,-0.03196711465716362,-0.9980484843254089
300,1648804749.8011265,273.0146484375,91.4067153930664,1379.4002685546875,0.9533681273460388,0.2950510084629059,0.06351488083600998,0.2854520380496979,-0.9498451352119446,0.12771601974964142,0.0980120375752449,-0.103629931807518,-0.9897749423980713
4,1648804749.8011346,187.23489379882812,-84.43070983886719,1534.947509765625,0.12331572920084,-0.9916325211524963,0.038186173886060715,-0.9909162521362305,-0.1251244693994522,-0.049282848834991455,0.05364850163459778,-0.03176195174455643,-0.9980546236038208
300,1648804749.8303556,273.0191650390625,91.40316772460938,1379.3983154296875,0.9533268213272095,0.2950892150402069,0.06395550072193146,0.2853512763977051,-0.9497494697570801,0.12864913046360016,0.09870467334985733,-0.10439488291740417,-0.9896257519721985
4,1648804749.8303633,187.4044189453125,-84.41470336914062,1534.947021484375,0.12445314228534698,-0.9913797378540039,0.04095877707004547,-0.9907079339027405,-0.12643906474113464,-0.050108976662158966,0.054855816066265106,-0.0343419648706913,-0.9979035258293152
300,1648804749.8626435,273.021240234375,91.39982604980469,1379.3638916015625,0.9533098340034485,0.2950994074344635,0.06416132301092148,0.2853807508945465,-0.9497960805892944,0.1282390058040619,0.09878342598676682,-0.10394109785556793,-0.9896656274795532
4,1648804749.8626516,187.58457946777344,-84.40145111083984,1535.0213623046875,0.12622351944446564,-0.9912472367286682,0.03868500143289566,-0.9905099272727966,-0.1280757486820221,-0.049866531044244766,0.05438467487692833,-0.03202354907989502,-0.9980064034461975
300,1648804749.8927941,273.0179748535156,91.39459991455078,1379.3792724609375,0.9534024596214294,0.2949293553829193,0.06356398016214371,0.2854624092578888,-0.9500269293785095,0.12633322179317474,0.09764686971902847,-0.10230128467082977,-0.9899492859840393
4,1648804749.8928018,187.80618286132812,-84.38291931152344,1535.0108642578125,0.12796707451343536,-0.9909975528717041,0.039348337799310684,-0.9902116060256958,-0.12989354133605957,-0.0510743148624897,0.055725615471601486,-0.0324273519217968,-0.9979193806648254
300,1648804749.9227684,273.01861572265625,91.4015884399414,1379.41943359375,0.9534280300140381,0.2949120104312897,0.06326079368591309,0.2853794991970062,-0.9499204754829407,0.12731687724590302,0.0976400077342987,-0.10333414375782013,-0.9898426532745361
4,1648804749.9227765,187.95997619628906,-84.34285736083984,1534.9671630859375,0.12947025895118713,-0.9908165335655212,0.03898835554718971,-0.9900521636009216,-0.13135460019111633,-0.05042537674307823,0.05508359521627426,-0.03207191824913025,-0.9979665279388428
300,1648804749.952808,273.0150451660156,91.39867401123047,1379.4268798828125,0.9534400701522827,0.29495885968208313,0.06285957992076874,0.285445898771286,-0.9498704671859741,0.12754099071025848,0.0973278060555458,-0.10365968197584152,-0.9898393750190735
4,1648804749.9528155,188.04566955566406,-84.31532287597656,1534.897216796875,0.1297522336244583,-0.9907393455505371,0.039998628199100494,-0.9900686740875244,-0.13165497779846191,-0.04930541664361954,0.05411483347415924,-0.03320389986038208,-0.9979825019836426
300,1648804749.9830096,273.01470947265625,91.40872955322266,1379.412353515625,0.9534537196159363,0.2948923408985138,0.06296485662460327,0.2854367196559906,-0.9499660134315491,0.12684838473796844,0.09722108393907547,-0.10297157615423203,-0.9899216890335083
4,1648804749.9830177,188.0000457763672,-84.29662322998047,1534.8443603515625,0.12942637503147125,-0.9908005595207214,0.03953532129526138,-0.9901756644248962,-0.13126716017723083,-0.048177968710660934,0.052924446761608124,-0.03291141241788864,-0.9980560541152954
300,1648804750.0143478,273.01495361328125,91.40644073486328,1379.446044921875,0.9534257054328918,0.2950395345687866,0.06269889324903488,0.2854175865650177,-0.9497069120407104,0.12881626188755035,0.09755145758390427,-0.1049213632941246,-0.9896844029426575
4,1648804750.0143552,187.95562744140625,-84.28386688232422,1534.751220703125,0.12908901274204254,-0.9908716678619385,0.03885076195001602,-0.9902147054672241,-0.13090009987354279,-0.048374056816101074,0.05301804840564728,-0.03222603723406792,-0.998073399066925
300,1648804750.0443628,273.00830078125,91.39554595947266,1379.4263916015625,0.9533933401107788,0.2950582802295685,0.06310106068849564,0.28543609380722046,-0.9497592449188232,0.12838874757289886,0.09781298041343689,-0.10439365357160568,-0.9897143840789795
4,1648804750.044371,187.8184814453125,-84.27141571044922,1534.6741943359375,0.12835712730884552,-0.9910054206848145,0.03785159811377525,-0.9904159307479858,-0.13005658984184265,-0.0464930534362793,0.050997715443372726,-0.031521108001470566,-0.9982011914253235
300,1648804750.0750256,273.0129089355469,91.40013885498047,1379.401611328125,0.9534022212028503,0.2950456440448761,0.06302566826343536,0.28544843196868896,-0.9497787952423096,0.12821640074253082,0.09769013524055481,-0.10425122827291489,-0.9897415637969971
4,1648804750.0750334,187.75405883789062,-84.23631286621094,1534.4862060546875,0.12807771563529968,-0.9910262823104858,0.03824920952320099,-0.9905205965042114,-0.12975266575813293,-0.04509055241942406,0.04964885860681534,-0.03211153671145439,-0.9982503652572632
300,1648804750.1049187,273.0226745605469,91.39627075195312,1379.3697509765625,0.9534211158752441,0.2949603796005249,0.06313933432102203,0.28544220328330994,-0.9499042630195618,0.12729762494564056,0.09752407670021057,-0.1033456102013588,-0.9898529052734375
4,1648804750.1049263,187.72021484375,-84.21809387207031,1534.275390625,0.1275104284286499,-0.9911502003669739,0.03691014274954796,-0.9905981421470642,-0.12912249565124512,-0.045196179300546646,0.049562130123376846,-0.03080013580620289,-0.9982960224151611
300,1648804750.1351485,273.01171875,91.41190338134766,1379.392578125,0.953361988067627,0.2950595021247864,0.06356729567050934,0.2854152023792267,-0.949802041053772,0.12811815738677979,0.09817882627248764,-0.10399991273880005,-0.9897196292877197
4,1648804750.1351557,187.770751953125,-84.17388153076172,1534.1661376953125,0.1280067414045334,-0.99106764793396,0.037405502051115036,-0.990568995475769,-0.12961840629577637,-0.04440807178616524,0.0488598458468914,-0.0313681997358799,-0.9983129501342773
300,1648804750.166803,273.0040588378906,91.40177154541016,1379.3892822265625,0.9533469080924988,0.29508960247039795,0.06365358084440231,0.285368949174881,-0.9497244954109192,0.12879417836666107,0.09845919162034988,-0.1046207845211029,-0.9896263480186462
4,1648804750.1668105,187.61639404296875,-84.19033813476562,1534.1551513671875,0.12721528112888336,-0.9912132024765015,0.03623109683394432,-0.9906859993934631,-0.12876607477664948,-0.044277649372816086,0.04855392500758171,-0.0302608460187912,-0.9983620643615723
300,1648804750.197033,273.0122375488281,91.40991973876953,1379.374267578125,0.9533461332321167,0.29508498311042786,0.0636865496635437,0.28538620471954346,-0.9497538208961487,0.12853963673114777,0.09841666370630264,-0.10436750203371048,-0.9896572828292847
4,1648804750.1970406,187.5166015625,-84.20023345947266,1534.1435546875,0.12667949497699738,-0.9913326501846313,0.03481211140751839,-0.9907387495040894,-0.12817694246768951,-0.04480366036295891,0.04887744039297104,-0.028814004734158516,-0.9983890652656555
300,1648804750.2269719,273.02679443359375,91.40824890136719,1379.380615234375,0.9533383846282959,0.2950693666934967,0.06387516856193542,0.2854623794555664,-0.9498820304870605,0.1274179220199585,0.09827100485563278,-0.10323844105005264,-0.9897902011871338
4,1648804750.2269804,187.4473876953125,-84.214111328125,1534.1729736328125,0.12607227265834808,-0.991400957107544,0.035069528967142105,-0.9908531904220581,-0.12756001949310303,-0.04402748495340347,0.04812236130237579,-0.029198110103607178,-0.9984145760536194
300,1648804750.2569132,273.0235595703125,91.4093246459961,1379.3726806640625,0.9533291459083557,0.29506799578666687,0.06401927769184113,0.2854735553264618,-0.9499157667160034,0.12714102864265442,0.09832817316055298,-0.1029314324259758,-0.9898164868354797
4,1648804750.256921,187.34962463378906,-84.2217788696289,1534.1773681640625,0.12541116774082184,-0.9915280938148499,0.033824414014816284,-0.990943193435669,-0.12684088945388794,-0.04407915845513344,0.04799604415893555,-0.027990054339170456,-0.998455286026001
300,1648804750.2868826,273.0050354003906,91.40658569335938,1379.36279296875,0.9533315300941467,0.29509690403938293,0.06385017931461334,0.2854543924331665,-0.9498329758644104,0.1278008073568344,0.09836063534021378,-0.10361021757125854,-0.9897424578666687
4,1648804750.2868905,187.3732452392578,-84.21399688720703,1534.1434326171875,0.1257084161043167,-0.99144047498703,0.03525923937559128,-0.9909198880195618,-0.12719251215457916,-0.043586790561676025,0.04769841581583023,-0.02945985645055771,-0.9984272718429565
300,1648804750.3190053,273.0149230957031,91.40196990966797,1379.3939208984375,0.9533937573432922,0.2950111925601959,0.06331432610750198,0.2854289710521698,-0.9498461484909058,0.12776005268096924,0.09782951325178146,-0.10373388975858688,-0.9897821545600891
4,1648804750.3190129,187.35401916503906,-84.22773742675781,1534.1734619140625,0.1253289431333542,-0.9915527701377869,0.033403173089027405,-0.9909685254096985,-0.12673144042491913,-0.04382435977458954,0.04768739640712738,-0.02760903351008892,-0.9984806776046753
300,1648804750.3483384,273.0267028808594,91.40380096435547,1379.389892578125,0.9533600807189941,0.2951122522354126,0.06335107982158661,0.2854520380496979,-0.9497386813163757,0.12850499153137207,0.09809036552906036,-0.10442782938480377,-0.9896833300590515
4,1648804750.3483465,187.349365234375,-84.23829650878906,1534.26123046875,0.12558211386203766,-0.9915683269500732,0.031958457082509995,-0.9909237027168274,-0.12692727148532867,-0.04426881670951843,0.04795195907354355,-0.02610902115702629,-0.9985083341598511
300,1648804750.3788981,273.009765625,91.39999389648438,1379.3741455078125,0.953359842300415,0.295072078704834,0.06354090571403503,0.2854514420032501,-0.9498196244239807,0.12790682911872864,0.09809413552284241,-0.10380339622497559,-0.9897486567497253
4,1648804750.3789055,187.24911499023438,-84.28192901611328,1534.333740234375,0.1248772144317627,-0.9916630983352661,0.03177938237786293,-0.9909492135047913,-0.12624913454055786,-0.045615650713443756,0.04924748092889786,-0.025795400142669678,-0.9984534382820129
300,1648804750.4105217,272.9924011230469,91.40809631347656,1379.3746337890625,0.9533492922782898,0.2950630486011505,0.06374072283506393,0.2854185998439789,-0.9498254656791687,0.12793661653995514,0.09829193353652954,-0.1037755012512207,-0.9897319674491882
4,1648804750.41053,187.20736694335938,-84.2968521118164,1534.4049072265625,0.12461865693330765,-0.991676390171051,0.03237437084317207,-0.9909517765045166,-0.12603427469730377,-0.04615189880132675,0.049848027527332306,-0.026330051943659782,-0.9984096884727478
300,1648804750.4404309,273.0074462890625,91.40763854980469,1379.39208984375,0.9533542990684509,0.29503682255744934,0.06378751993179321,0.2853250205516815,-0.9497686624526978,0.1285657286643982,0.09851501137018204,-0.10436851531267166,-0.989647388458252
4,1648804750.4404387,187.05126953125,-84.31900787353516,1534.4658203125,0.12360862642526627,-0.9918456077575684,0.031035790219902992,-0.9911109209060669,-0.1249467208981514,-0.04568900540471077,0.04919426143169403,-0.02511235512793064,-0.9984734654426575
300,1648804750.4705966,273.02362060546875,91.39447021484375,1379.380615234375,0.9533315300941467,0.2951239049434662,0.0637253001332283,0.28537383675575256,-0.9496933817863464,0.12901264429092407,0.09859421104192734,-0.10480628907680511,-0.9895932674407959
4,1648804750.4706042,186.75704956054688,-84.3802719116211,1534.5174560546875,0.12129911780357361,-0.9921790361404419,0.029449179768562317,-0.9914008378982544,-0.12256485223770142,-0.04584966599941254,0.04910051450133324,-0.023634418845176697,-0.9985141754150391
300,1648804750.5006418,273.0206298828125,91.3974380493164,1379.37744140625,0.9533899426460266,0.29499348998069763,0.0634547621011734,0.2853772044181824,-0.9498351812362671,0.12795677781105042,0.09801798313856125,-0.10388416051864624,-0.9897477030754089
4,1648804750.50065,186.4160614013672,-84.44439697265625,1534.6092529296875,0.11935067176818848,-0.9924479722976685,0.02832775004208088,-0.9916321635246277,-0.12056946754455566,-0.046137064695358276,0.04920409619808197,-0.022584218531847,-0.9985333681106567
300,1648804750.5310702,273.01055908203125,91.3976058959961,1379.3883056640625,0.9533481001853943,0.2950546145439148,0.06379801034927368,0.2854202389717102,-0.9498466849327087,0.12777529656887054,0.09829902648925781,-0.10360509902238846,-0.9897490739822388
4,1648804750.5310774,186.1521453857422,-84.49921417236328,1534.6453857421875,0.11769213527441025,-0.992726743221283,0.025340713560581207,-0.9916934370994568,-0.1188264936208725,-0.0492379255592823,0.05189095437526703,-0.019335301592946053,-0.9984655380249023
300,1648804750.5628142,273.0031433105469,91.39798736572266,1379.427978515625,0.9534348249435425,0.29496073722839355,0.06292998045682907,0.28537365794181824,-0.949800968170166,0.12821869552135468,0.09759043902158737,-0.10428961366415024,-0.9897473454475403
4,1648804750.5628223,185.89675903320312,-84.55367279052734,1534.7855224609375,0.1161096915602684,-0.9929504990577698,0.023829292505979538,-0.9918703436851501,-0.11717446893453598,-0.049631744623184204,0.05207404866814613,-0.017872842028737068,-0.9984833002090454
300,1648804750.5927904,273.015869140625,91.40093994140625,1379.4078369140625,0.953421413898468,0.2949528098106384,0.06316948682069778,0.2854016125202179,-0.9498757123947144,0.12760108709335327,0.09763946384191513,-0.10362894088029861,-0.989811897277832
4,1648804750.5927982,185.4484405517578,-84.61946868896484,1534.802001953125,0.1133275106549263,-0.9933680891990662,0.019410453736782074,-0.9921433925628662,-0.1141866147518158,-0.051116615533828735,0.052994027733802795,-0.013465034775435925,-0.9985040426254272
300,1648804750.6230977,273.02520751953125,91.40469360351562,1379.418212890625,0.9534161686897278,0.2949865758419037,0.06309185922145844,0.2853773236274719,-0.9497928619384766,0.12827035784721375,0.09776222705841064,-0.10429004579782486,-0.9897303581237793
4,1648804750.6231048,185.27059936523438,-84.6175765991211,1534.7630615234375,0.1121416836977005,-0.9935030341148376,0.01939081773161888,-0.9923393130302429,-0.11298561096191406,-0.049969080835580826,0.0518353171646595,-0.013638652861118317,-0.9985625147819519
300,1648804750.652775,273.02899169921875,91.40393829345703,1379.4161376953125,0.9534331560134888,0.2949489653110504,0.06301075220108032,0.2853536307811737,-0.9498071670532227,0.12821710109710693,0.09766557067632675,-0.10426609218120575,-0.9897423982620239
4,1648804750.652783,185.1512451171875,-84.60218048095703,1534.636474609375,0.11118874698877335,-0.9936203956604004,0.018856564536690712,-0.9925392866134644,-0.11198294907808304,-0.048223789781332016,0.0500277541577816,-0.013353939168155193,-0.9986585378646851
300,1648804750.6831973,273.0085754394531,91.3976821899414,1379.40966796875,0.9534167647361755,0.29499000310897827,0.06306648254394531,0.285422146320343,-0.9498323798179626,0.1278773844242096,0.09762513637542725,-0.1039198711514473,-0.9897828102111816
4,1648804750.683205,185.05332946777344,-84.57869720458984,1534.441162109375,0.1104508712887764,-0.9937334656715393,0.01715916022658348,-0.9926073551177979,-0.11116679757833481,-0.04870970919728279,0.05031199753284454,-0.011652277782559395,-0.9986655712127686
300,1648804750.715192,273.0061950683594,91.40343475341797,1379.4049072265625,0.9534080028533936,0.295040488243103,0.06296239793300629,0.28540170192718506,-0.9497267603874207,0.12870509922504425,0.09777028858661652,-0.10473889857530594,-0.989682137966156
4,1648804750.715199,184.92156982421875,-84.55498504638672,1534.2977294921875,0.10958175361156464,-0.9938260316848755,0.017368555068969727,-0.992760419845581,-0.1102953851222992,-0.04755696654319763,0.04917902499437332,-0.012031438760459423,-0.9987174868583679
300,1648804750.7443154,273.0162658691406,91.40078735351562,1379.401123046875,0.9534651041030884,0.2948782742023468,0.06285757571458817,0.2853858172893524,-0.949915885925293,0.12733732163906097,0.09725841134786606,-0.10347303003072739,-0.9898657202720642
4,1648804750.7443233,184.90179443359375,-84.54975128173828,1534.224609375,0.10929768532514572,-0.9938468933105469,0.017953351140022278,-0.9927814602851868,-0.1100422665476799,-0.047704488039016724,0.049386583268642426,-0.012609763070940971,-0.9987001419067383
300,1648804750.7746038,273.00872802734375,91.3999252319336,1379.4002685546875,0.9534157514572144,0.2949981093406677,0.06304427981376648,0.285398930311203,-0.9497933983802795,0.12821818888187408,0.09770316630601883,-0.10425246506929398,-0.9897401332855225
4,1648804750.774611,184.97145080566406,-84.52519226074219,1534.22705078125,0.11028455197811127,-0.9937615394592285,0.016594409942626953,-0.9927780628204346,-0.11093781143426895,-0.045656535774469376,0.04721265658736229,-0.011439355090260506,-0.9988193511962891
300,1648804750.8047655,272.98785400390625,91.39922332763672,1379.4378662109375,0.9534278512001038,0.2949987053871155,0.06285803020000458,0.2853865921497345,-0.9497525691986084,0.12854792177677155,0.09762104600667953,-0.10462231934070587,-0.989709198474884
4,1648804750.804773,185.052734375,-84.52239990234375,1534.241943359375,0.11136624962091446,-0.9936455488204956,0.016310768201947212,-0.9926373958587646,-0.1120099127292633,-0.04609566181898117,0.047629717737436295,-0.011057177558541298,-0.9988038539886475
300,1648804750.834878,273.00933837890625,91.40000915527344,1379.419189453125,0.9534391164779663,0.294979989528656,0.06277477741241455,0.2854219675064087,-0.9498040676116943,0.12808817625045776,0.09740718454122543,-0.10420697927474976,-0.9897741079330444
4,1648804750.8348854,185.1834259033203,-84.53824615478516,1534.2777099609375,0.11209709197282791,-0.9935669898986816,0.01608894020318985,-0.992472231388092,-0.11274793744087219,-0.047820642590522766,0.04932700842618942,-0.010607270523905754,-0.9987263679504395
410,1648804750.8348901,198.07081604003906,-234.9082794189453,1516.2227783203125,0.08587358891963959,0.9961643815040588,0.01679881103336811,-0.9958743453025818,0.0853278860449791,0.03087734244763851,0.02932550199329853,-0.019381053745746613,0.9993820190429688
300,1648804750.866667,273.0417175292969,91.3957748413086,1379.4083251953125,0.9533846378326416,0.29508692026138306,0.06309899687767029,0.2854672074317932,-0.9497531652450562,0.1283644437789917,0.0978071391582489,-0.10436799377202988,-0.9897176623344421
4,1648804750.8666751,185.5245819091797,-84.52763366699219,1534.3818359375,0.1144302487373352,-0.9932892918586731,0.016794752329587936,-0.9922106266021729,-0.11511112004518509,-0.04761835187673569,0.049232061952352524,-0.011214951984584332,-0.9987244009971619
410,1648804750.8666804,199.70062255859375,-233.60934448242188,1516.9564208984375,0.08726347237825394,0.9961714148521423,-0.005257376469671726,-0.9956009387969971,0.08739180117845535,0.03378484398126602,0.03411494567990303,0.0022860663011670113,0.9994152784347534
300,1648804750.8967817,273.0280456542969,91.40302276611328,1379.41259765625,0.9534010291099548,0.2949897050857544,0.06330486387014389,0.2854327857494354,-0.949877917766571,0.12751486897468567,0.09774746000766754,-0.1035035252571106,-0.9898143410682678
4,1648804750.896789,185.66317749023438,-84.5450668334961,1534.5701904296875,0.11570267379283905,-0.9931257367134094,0.017724832519888878,-0.9919983744621277,-0.11644211411476135,-0.04879051819443703,0.05051903426647186,-0.01193781103938818,-0.9986517429351807
410,1648804750.8967938,200.8633575439453,-232.18336486816406,1517.64501953125,0.08975715190172195,0.9957385063171387,-0.021178532391786575,-0.9952303767204285,0.09048663824796677,0.0364513173699379,0.038212355226278305,0.01780575141310692,0.999110996723175
300,1648804750.9266179,273.0032958984375,91.39656066894531,1379.3983154296875,0.9533655047416687,0.2950413227081299,0.06359942257404327,0.28542032837867737,-0.9498366713523865,0.12784965336322784,0.0981299951672554,-0.10373488068580627,-0.9897522926330566
4,1648804750.9266255,185.73306274414062,-84.58432006835938,1534.7279052734375,0.11661973595619202,-0.9930251240730286,0.01734909974038601,-0.9917919039726257,-0.11736147850751877,-0.05074499174952507,0.05242716893553734,-0.011288829147815704,-0.9985609650611877
410,1648804750.9266307,201.90408325195312,-230.69383239746094,1518.3074951171875,0.09060110151767731,0.9950557947158813,-0.040686074644327164,-0.9950034022331238,0.09216595441102982,0.03838824853301048,0.04194832220673561,0.03700476512312889,0.9984342455863953
300,1648804750.9571474,273.0043640136719,91.39967346191406,1379.3974609375,0.9533483386039734,0.2950908839702606,0.06362605094909668,0.2853735387325287,-0.9497236609458923,0.12879028916358948,0.0984320119023323,-0.10462482273578644,-0.9896286129951477
4,1648804750.957155,185.78944396972656,-84.60826873779297,1534.870361328125,0.11687344312667847,-0.9929774403572083,0.01834147237241268,-0.9917159080505371,-0.11767616122961044,-0.05149602144956589,0.053292740136384964,-0.012171013280749321,-0.9985047578811646
410,1648804750.9571598,203.03109741210938,-229.1101837158203,1518.9556884765625,0.08980560302734375,0.9941614270210266,-0.05981667339801788,-0.9948697090148926,0.09235399216413498,0.041291236877441406,0.046574462205171585,0.05580161139369011,0.9973549842834473
300,1648804750.9864726,273.024169921875,91.40080261230469,1379.401123046875,0.9533907771110535,0.29504403471946716,0.06320644170045853,0.2854098379611969,-0.9497657418251038,0.12839870154857635,0.09791457653045654,-0.10437439382076263,-0.9897063970565796
4,1648804750.9864802,185.9074249267578,-84.62555694580078,1535.0068359375,0.11708454042673111,-0.9929296374320984,0.01954239048063755,-0.9916220903396606,-0.11796613782644272,-0.052627068012952805,0.05456031858921051,-0.01321684941649437,-0.9984229803085327
410,1648804750.9864848,204.44979858398438,-227.62144470214844,1519.9365234375,0.08845293521881104,0.9925877451896667,-0.08334074169397354,-0.9947124123573303,0.09240519255399704,0.044816307723522186,0.05218523368239403,0.07893593609333038,0.995512843132019
300,1648804751.0184796,273.0293884277344,91.40685272216797,1379.370849609375,0.9534220695495605,0.29495251178741455,0.06316155940294266,0.28539830446243286,-0.9498714804649353,0.12763994932174683,0.09764309227466583,-0.10366854816675186,-0.9898073673248291
4,1648804751.018487,185.90184020996094,-84.67250061035156,1535.2130126953125,0.11754965037107468,-0.9928876757621765,0.018871517851948738,-0.9915158152580261,-0.11840658634901047,-0.05363139882683754,0.05548446625471115,-0.012407055124640465,-0.9983824491500854
410,1648804751.0184922,205.6834716796875,-226.1591033935547,1521.0341796875,0.08738922327756882,0.9901612997055054,-0.1092875599861145,-0.9945187568664551,0.09303958714008331,0.04770881310105324,0.05740749090909958,0.10451928526163101,0.9928646087646484
300,1648804751.048349,273.0147399902344,91.40731048583984,1379.372802734375,0.953382134437561,0.29500025510787964,0.06353989243507385,0.2854059636592865,-0.9498685598373413,0.1276446133852005,0.09800974279642105,-0.10355943441390991,-0.9897825717926025
4,1648804751.0483568,185.60215759277344,-84.76220703125,1535.4459228515625,0.11608028411865234,-0.9931175112724304,0.01558643113821745,-0.9916278123855591,-0.11677131056785583,-0.05512441694736481,0.056565072387456894,-0.009057081304490566,-0.9983578324317932
410,1648804751.0483623,206.32229614257812,-224.71835327148438,1521.8175048828125,0.08830790966749191,0.9878309369087219,-0.12803035974502563,-0.9941545128822327,0.09542034566402435,0.0505150705575943,0.06211705133318901,0.12282107770442963,0.9904829263687134
300,1648804751.0786126,273.001953125,91.40274810791016,1379.38525390625,0.9533999562263489,0.2949950695037842,0.0632963702082634,0.2854095995426178,-0.9498448967933655,0.12781257927417755,0.09782581031322479,-0.10379112511873245,-0.9897764921188354
4,1648804751.0786202,185.30821228027344,-84.83440399169922,1535.616455078125,0.11432086676359177,-0.9933725595474243,0.011905214749276638,-0.9916844367980957,-0.1148231104016304,-0.05811696872115135,0.05909879133105278,-0.005162234418094158,-0.9982388019561768
410,1648804751.078625,206.88998413085938,-223.3245391845703,1522.6201171875,0.08869343996047974,0.9852756261825562,-0.14616931974887848,-0.9938174486160278,0.09737531840801239,0.053338389843702316,0.06678629666566849,0.14053484797477722,0.9878206253051758
300,1648804751.1107469,273.01239013671875,91.39949798583984,1379.3763427734375,0.9533811807632446,0.2950409948825836,0.06336533278226852,0.2854192554950714,-0.9498026371002197,0.12810462713241577,0.09798067808151245,-0.10404685139656067,-0.9897343516349792
4,1648804751.1107547,185.08433532714844,-84.90228271484375,1535.7415771484375,0.11291089653968811,-0.9935466051101685,0.010785596445202827,-0.9918408989906311,-0.11335035413503647,-0.058337852358818054,0.05918392539024353,-0.004110616631805897,-0.9982386231422424
410,1648804751.1107597,207.37908935546875,-221.99053955078125,1523.334228515625,0.08762416988611221,0.9829806685447693,-0.16146524250507355,-0.9935428500175476,0.09796630591154099,0.057229768484830856,0.07207390666007996,0.15540792047977448,0.9852176308631897
300,1648804751.1403284,273.0180358886719,91.40364074707031,1379.3673095703125,0.9533683657646179,0.29502755403518677,0.06361985951662064,0.28543925285339355,-0.9498781561851501,0.12749876081943512,0.09804675728082657,-0.10339368134737015,-0.9897962212562561
4,1648804751.1403358,184.88983154296875,-84.95452117919922,1535.774658203125,0.1113312691450119,-0.9937247037887573,0.010795416310429573,-0.9918625950813293,-0.11178459227085114,-0.060932453721761703,0.06175684556365013,-0.0039238822646439075,-0.9980835318565369
410,1648804751.1403403,207.98480224609375,-220.79013061523438,1524.1466064453125,0.08652395755052567,0.9801998734474182,-0.17810621857643127,-0.9932571649551392,0.09872078150510788,0.060781434178352356,0.07716073840856552,0.17164622247219086,0.9821322560310364
300,1648804751.1703646,273.00457763671875,91.39918518066406,1379.3724365234375,0.9533644914627075,0.29502636194229126,0.06368351727724075,0.28540053963661194,-0.9498478770256042,0.12781067192554474,0.09819716960191727,-0.10367485135793686,-0.989751935005188
4,1648804751.170372,184.65440368652344,-84.98873138427734,1535.8660888671875,0.1099741980433464,-0.9938936829566956,0.008998129516839981,-0.9920719265937805,-0.11031758040189743,-0.06019432842731476,0.060819417238235474,-0.002306968905031681,-0.998146116733551
410,1648804751.170377,208.72695922851562,-219.661376953125,1524.97607421875,0.08695440739393234,0.9769544005393982,-0.1949334591627121,-0.992836058139801,0.10108066350221634,0.06371265649795532,0.08194836229085922,0.18799687922000885,0.9787449240684509
300,1648804751.2005432,273.00653076171875,91.41191864013672,1379.378173828125,0.9533685445785522,0.29500052332878113,0.06374286115169525,0.285416841506958,-0.9499083161354065,0.12732410430908203,0.09811054915189743,-0.103193499147892,-0.9898108243942261
4,1648804751.2005508,184.52688598632812,-85.02432250976562,1535.97119140625,0.1091301292181015,-0.9939908385276794,0.008532245643436909,-0.9920617938041687,-0.1094498485326767,-0.06192014738917351,0.06248191371560097,-0.0017071613110601902,-0.9980446100234985
410,1648804751.2005563,209.5560302734375,-218.24778747558594,1525.5889892578125,0.08755872398614883,0.9732921123504639,-0.21221676468849182,-0.9924598336219788,0.10357403755187988,0.06554275006055832,0.08577238768339157,0.20487777888774872,0.9750221371650696
300,1648804751.2310317,273.0270690917969,91.40914154052734,1379.3619384765625,0.9533558487892151,0.2950633466243744,0.06364182382822037,0.2854481041431427,-0.9498422145843506,0.12774619460105896,0.09814291447401047,-0.10362113267183304,-0.9897629022598267
4,1648804751.231039,184.52235412597656,-85.06011199951172,1536.047607421875,0.10931579023599625,-0.9939847588539124,0.006658159662038088,-0.9920228123664856,-0.1095181480050087,-0.06242188811302185,0.06277559697628021,0.0002186516794608906,-0.9980276226997375
410,1648804751.231044,210.18299865722656,-216.8404083251953,1525.7298583984375,0.08788279443979263,0.9700961709022522,-0.2262522429227829,-0.9924120903015137,0.10487395524978638,0.06418444216251373,0.08599304407835007,0.21889474987983704,0.9719517827033997
300,1648804751.2625542,273.0360107421875,91.40935516357422,1379.381103515625,0.9533588886260986,0.29504063725471497,0.0637008547782898,0.2854174077510834,-0.9498488306999207,0.1277656853199005,0.09820225089788437,-0.10362523049116135,-0.9897565841674805
4,1648804751.2625616,184.5579376220703,-85.0810317993164,1536.134033203125,0.10951028764247894,-0.9939649105072021,0.006422578822821379,-0.9919230341911316,-0.10969680547714233,-0.06368109583854675,0.06400130689144135,0.000603030901402235,-0.9979496598243713
410,1648804751.2625666,210.54335021972656,-215.2859344482422,1525.569580078125,0.08721332997083664,0.9680235385894775,-0.23521117866039276,-0.9928293824195862,0.10383830964565277,0.05922325327992439,0.0817534327507019,0.22835952043533325,0.9701383113861084
300,1648804751.2928026,273.0164794921875,91.40576171875,1379.3721923828125,0.9533306956291199,0.29512786865234375,0.06371951103210449,0.2854611277580261,-0.949779748916626,0.12818099558353424,0.09834928810596466,-0.10400943458080292,-0.9897016882896423
4,1648804751.292825,184.61070251464844,-85.07076263427734,1536.1552734375,0.11053306609392166,-0.9938609600067139,0.004784568678587675,-0.9918651580810547,-0.1106143593788147,-0.06299171596765518,0.06313425302505493,0.002217021072283387,-0.9980025887489319
410,1648804751.2928305,210.86947631835938,-213.64068603515625,1525.095703125,0.08589523285627365,0.9661975502967834,-0.24307267367839813,-0.9932306408882141,0.10219164192676544,0.05522435903549194,0.07819763571023941,0.23668372631072998,0.9684348106384277
300,1648804751.3228776,273.0022277832031,91.40128326416016,1379.3681640625,0.9533743262290955,0.29500165581703186,0.06365116685628891,0.28540587425231934,-0.9498823285102844,0.12754249572753906,0.09808636456727982,-0.10342931747436523,-0.9897885918617249
4,1648804751.322886,184.6152801513672,-85.08081817626953,1536.13916015625,0.11114569753408432,-0.9937952160835266,0.004214064218103886,-0.991762101650238,-0.11118801683187485,-0.06360179930925369,0.06367571651935577,0.002889717696234584,-0.997966468334198
410,1648804751.3228915,211.45957946777344,-211.86778259277344,1524.9290771484375,0.08571435511112213,0.9633863568305969,-0.2540467381477356,-0.9934481382369995,0.10198769718408585,0.051568403840065,0.07558993995189667,0.2479621171951294,0.9658161997795105
300,1648804751.3531106,273.01361083984375,91.41415405273438,1379.4031982421875,0.9533708095550537,0.29507651925086975,0.06335604190826416,0.2854299247264862,-0.9497644305229187,0.1283639669418335,0.09805050492286682,-0.10429475456476212,-0.9897013306617737
4,1648804751.3531182,184.5294647216797,-85.09187316894531,1536.2120361328125,0.11078975349664688,-0.993840754032135,0.0024806165602058172,-0.9918220043182373,-0.11072314530611038,-0.06347834318876266,0.06336203217506409,0.004572419915348291,-0.9979801177978516
410,1648804751.3531232,212.13180541992188,-210.28729248046875,1525.0667724609375,0.08596545457839966,0.9595896005630493,-0.26795095205307007,-0.9934009313583374,0.10305289179086685,0.0503462515771389,0.07592485845088959,0.2618546783924103,0.9621161818504333
300,1648804751.3823698,273.03265380859375,91.4107666015625,1379.402587890625,0.9533791542053223,0.2950417399406433,0.06339224427938461,0.28546983003616333,-0.949859082698822,0.12757223844528198,0.09785284101963043,-0.10352814197540283,-0.9898013472557068
4,1648804751.3823774,184.4726104736328,-85.1202621459961,1536.293701171875,0.11066937446594238,-0.9938564896583557,0.001270563225261867,-0.9917446374893188,-0.11051735281944275,-0.06502647697925568,0.06476740539073944,0.005936365574598312,-0.9978827238082886
410,1648804751.3823824,212.79953002929688,-208.85079956054688,1525.22900390625,0.0873182937502861,0.9572184085845947,-0.27587756514549255,-0.9931368827819824,0.10527827590703964,0.05094755068421364,0.07781185209751129,0.26953554153442383,0.9598416090011597
300,1648804751.4149315,273.02618408203125,91.40386962890625,1379.3673095703125,0.9533523917198181,0.29507139325141907,0.06365592032670975,0.2854689359664917,-0.9498553276062012,0.12760218977928162,0.09811567515134811,-0.10347806662321091,-0.989780604839325
4,1648804751.4149387,184.3494110107422,-85.15927124023438,1536.3563232421875,0.11034461855888367,-0.9938923716545105,-0.001405560178682208,-0.9917381405830383,-0.11001214385032654,-0.06597595661878586,0.06541837751865387,0.008674039505422115,-0.9978201985359192
410,1648804751.4149432,213.5533905029297,-207.24778747558594,1525.7684326171875,0.08766858279705048,0.9527158141136169,-0.2909412682056427,-0.9929637908935547,0.1069180890917778,0.05090656876564026,0.07960637658834457,0.28443124890327454,0.9553856253623962
300,1648804751.4449058,273.0079345703125,91.40774536132812,1379.38525390625,0.953373908996582,0.295026957988739,0.06353992223739624,0.2854230999946594,-0.9498505592346191,0.12774008512496948,0.09804019331932068,-0.10364829748868942,-0.989770233631134
4,1648804751.444914,184.2772979736328,-85.1863784790039,1536.5198974609375,0.1101689413189888,-0.993911862373352,-0.0014287949306890368,-0.9916985034942627,-0.10982747375965118,-0.0668732151389122,0.06630916148424149,0.008784284815192223,-0.9977604746818542
410,1648804751.444919,214.1508331298828,-206.06825256347656,1526.3291015625,0.08743995428085327,0.9499531388282776,-0.29990553855895996,-0.9928353428840637,0.10771621018648148,0.05172254145145416,0.08143867552280426,0.2932341992855072,0.9525657296180725
300,1648804751.4744062,273.0089416503906,91.40156555175781,1379.385009765625,0.953375518321991,0.29501304030418396,0.06357961148023605,0.28539106249809265,-0.9498411417007446,0.12788186967372894,0.09811735153198242,-0.10377439856529236,-0.9897493720054626
4,1648804751.4744139,184.23182678222656,-85.23136901855469,1536.756103515625,0.10988252609968185,-0.9939435124397278,-0.0014759207842871547,-0.9917411804199219,-0.10954000055789948,-0.06671142578125,0.06614571809768677,0.008794151246547699,-0.9977712035179138
410,1648804751.4744186,214.57139587402344,-204.9722900390625,1526.4154052734375,0.08867865800857544,0.9509902000427246,-0.29623252153396606,-0.9925350546836853,0.10936569422483444,0.05397458001971245,0.08372697979211807,0.28923478722572327,0.9535895586013794
300,1648804751.5043364,273.0137023925781,91.40513610839844,1379.36572265625,0.9533471465110779,0.2950463593006134,0.06384999305009842,0.2854105830192566,-0.9498550295829773,0.12773506343364716,0.09833600372076035,-0.10355238616466522,-0.9897509217262268
4,1648804751.5043442,184.2754364013672,-85.26216125488281,1536.8505859375,0.110057033598423,-0.9939243793487549,-0.001316266949288547,-0.9915695190429688,-0.10970495641231537,-0.06895444542169571,0.0683911070227623,0.008894091472029686,-0.9976189136505127
410,1648804751.50435,214.78317260742188,-203.82754516601562,1525.67236328125,0.09223911911249161,0.959875226020813,-0.26482340693473816,-0.9920202493667603,0.11154276877641678,0.058771513402462006,0.08595246076583862,0.2572891414165497,0.9625042676925659
300,1648804751.5346456,273.0111083984375,91.40509033203125,1379.37890625,0.9533321261405945,0.2950628697872162,0.06399810314178467,0.28542330861091614,-0.9498669505119324,0.12761768698692322,0.09844492375850677,-0.1033954843878746,-0.9897565245628357
4,1648804751.5346527,184.49742126464844,-85.24913787841797,1536.88037109375,0.1116759330034256,-0.993744432926178,-0.000714707828592509,-0.9913269877433777,-0.11135406047105789,-0.06979351490736008,0.0692773312330246,0.00850276555866003,-0.9975612163543701
410,1648804751.5346572,214.89114379882812,-202.7371826171875,1524.5452880859375,0.09699324518442154,0.9703904986381531,-0.2212115377187729,-0.9914867281913757,0.11360538750886917,0.06362270563840866,0.08686969429254532,0.21315734088420868,0.9731482863426208
300,1648804751.567191,273.006591796875,91.4018783569336,1379.380615234375,0.9533280730247498,0.29507046937942505,0.06402323395013809,0.28542280197143555,-0.9498597383499146,0.1276724636554718,0.09848546981811523,-0.103440061211586,-0.9897478222846985
4,1648804751.5671988,184.87295532226562,-85.18203735351562,1536.801513671875,0.11419839411973953,-0.9934526085853577,0.0032571167685091496,-0.9911398887634277,-0.11415515094995499,-0.0678996741771698,0.06782692670822144,0.0045257750898599625,-0.9976868629455566
300,1648804751.5964062,273.0184020996094,91.40872955322266,1379.362548828125,0.9533295631408691,0.29506558179855347,0.06402333825826645,0.2855076193809509,-0.9499551653862,0.1267697960138321,0.0982247069478035,-0.10257425159215927,-0.9898638725280762
4,1648804751.5964139,185.09848022460938,-85.13549041748047,1536.6446533203125,0.11573493480682373,-0.9932739734649658,0.0034940638579428196,-0.9909934997558594,-0.11570633947849274,-0.067408986389637,0.06735987961292267,0.004338980186730623,-0.9977192878723145
300,1648804751.6271012,273.033935546875,91.404541015625,1379.3841552734375,0.953373908996582,0.2950480878353119,0.06344103813171387,0.2854425311088562,-0.9498285055160522,0.12786060571670532,0.09798313677310944,-0.10379019379615784,-0.9897610545158386
4,1648804751.627109,185.302978515625,-85.1178970336914,1536.626708984375,0.11705082654953003,-0.9931145310401917,0.004755551461130381,-0.9908426403999329,-0.1171048954129219,-0.06721069663763046,0.0673048198223114,0.0031550638377666473,-0.9977274537086487
300,1648804751.6568704,273.02923583984375,91.41812896728516,1379.3851318359375,0.9533591270446777,0.2950330674648285,0.0637323260307312,0.28542259335517883,-0.9498689770698547,0.1276043802499771,0.09818487614393234,-0.10346215963363647,-0.9897753596305847
4,1648804751.6568782,185.56851196289062,-85.07839965820312,1536.6605224609375,0.11916735023260117,-0.9928616881370544,0.004986168816685677,-0.9905921816825867,-0.11923225224018097,-0.0671621784567833,0.06727726757526398,0.003064278746023774,-0.9977295994758606
300,1648804751.6868598,273.00726318359375,91.40999603271484,1379.40185546875,0.9534187316894531,0.29496967792510986,0.0631314143538475,0.2854138910770416,-0.9498604536056519,0.12768711149692535,0.0976298600435257,-0.10372070223093033,-0.9898032546043396
4,1648804751.6868682,185.70948791503906,-85.0865478515625,1536.769775390625,0.12050511687994003,-0.9926954507827759,0.005856716074049473,-0.9903801679611206,-0.12062407284975052,-0.06780114024877548,0.06801234185695648,0.002370009198784828,-0.9976816773414612
300,1648804751.7190838,273.0081787109375,91.40303802490234,1379.3924560546875,0.9534666538238525,0.29489952325820923,0.06273472309112549,0.28542619943618774,-0.9499124884605408,0.12727190554141998,0.09712492674589157,-0.10344338417053223,-0.9898819327354431
4,1648804751.7190914,185.82379150390625,-85.10736083984375,1536.913818359375,0.12111390382051468,-0.992608368396759,0.007752777077257633,-0.990264892578125,-0.1213604062795639,-0.0681699886918068,0.06860698014497757,0.0005790309514850378,-0.9976435899734497
300,1648804751.7489922,273.0269470214844,91.40841674804688,1379.405517578125,0.9534340500831604,0.29493966698646545,0.06304068863391876,0.2853527367115021,-0.9498232007026672,0.12810015678405762,0.09765932708978653,-0.10414621233940125,-0.9897556304931641
4,1648804751.7490003,185.95309448242188,-85.11113739013672,1536.9918212890625,0.1219831332564354,-0.9925105571746826,0.006553532090038061,-0.9900903105735779,-0.12214325368404388,-0.0692981481552124,0.0695796087384224,0.0019646163564175367,-0.9975744485855103
300,1648804751.7785275,273.0343933105469,91.40995025634766,1379.4056396484375,0.9533845782279968,0.2950374186038971,0.06333065778017044,0.2854188084602356,-0.9498021006584167,0.12810960412025452,0.09794871509075165,-0.10406195372343063,-0.9897359013557434
4,1648804751.778535,186.09156799316406,-85.10987854003906,1537.08837890625,0.12281864136457443,-0.9923985004425049,0.0077992998994886875,-0.9899968504905701,-0.12306372076272964,-0.06900421530008316,0.06943948566913605,0.0007537213969044387,-0.9975858926773071
300,1648804751.8105352,273.01629638671875,91.41014862060547,1379.4073486328125,0.9534009695053101,0.29503345489501953,0.06310173869132996,0.28541430830955505,-0.949769914150238,0.12835811078548431,0.097802072763443,-0.10436660796403885,-0.9897183179855347
4,1648804751.8105428,186.20156860351562,-85.12507629394531,1537.1719970703125,0.12374349683523178,-0.9922832250595093,0.007842442020773888,-0.9897434711456299,-0.123987577855587,-0.07095754891633987,0.07138235121965408,0.0010185299906879663,-0.9974485039710999
300,1648804751.841069,273.0099792480469,91.4080810546875,1379.391357421875,0.9533597826957703,0.29506003856658936,0.06359785050153732,0.28544679284095764,-0.9498391151428223,0.12777259945869446,0.09810831397771835,-0.10365945845842361,-0.9897623062133789
4,1648804751.8410938,186.36705017089844,-85.12577819824219,1537.316650390625,0.1248561292886734,-0.9921199083328247,0.010442436672747135,-0.9895422458648682,-0.1252841353416443,-0.0714845135807991,0.07222948223352432,-0.0014079523971304297,-0.9973870515823364
300,1648804751.8706148,273.0177307128906,91.40702056884766,1379.3994140625,0.9533860087394714,0.29506149888038635,0.06319666653871536,0.28546521067619324,-0.9497995972633362,0.12802466750144958,0.09779931604862213,-0.10401648283004761,-0.9897554516792297
4,1648804751.8706229,186.5431671142578,-85.13996124267578,1537.441650390625,0.12611880898475647,-0.9919742941856384,0.008999558165669441,-0.9893357157707214,-0.12643931806087494,-0.07230442017316818,0.07286202907562256,0.00021536360145546496,-0.9973419904708862
300,1648804751.9009159,273.02001953125,91.40572357177734,1379.3756103515625,0.95338374376297,0.29503700137138367,0.06334543973207474,0.2853643596172333,-0.94974684715271,0.12863942980766296,0.09811551868915558,-0.10456620901823044,-0.989666223526001
4,1648804751.900924,186.67459106445312,-85.15886688232422,1537.544677734375,0.12698589265346527,-0.9918389916419983,0.011403384618461132,-0.989091694355011,-0.1274825930595398,-0.07379583269357681,0.07464731484651566,-0.0019079640042036772,-0.9972081780433655
300,1648804751.9304795,273.0050048828125,91.40676879882812,1379.387451171875,0.9533853530883789,0.2950287461280823,0.06335955113172531,0.2853969633579254,-0.9497947692871094,0.12821240723133087,0.09800491482019424,-0.10415321588516235,-0.9897207617759705
4,1648804751.9304872,186.8707275390625,-85.15278625488281,1537.696044921875,0.1281573623418808,-0.9916689395904541,0.012976158410310745,-0.988871157169342,-0.12877079844474792,-0.07451116293668747,0.07556135952472687,-0.0032825940288603306,-0.9971357583999634
300,1648804751.962448,273.0050048828125,91.39611053466797,1379.386474609375,0.9533470273017883,0.2951013445854187,0.06359774619340897,0.2854309380054474,-0.9497663974761963,0.1283472329378128,0.09827844053506851,-0.10420668125152588,-0.989687979221344
4,1648804751.9624553,187.14674377441406,-85.14604949951172,1537.7685546875,0.12988370656967163,-0.9914210438728333,0.014645137824118137,-0.9885168075561523,-0.13062544167041779,-0.07597044110298157,0.07723172008991241,-0.00460964348167181,-0.9970025420188904
300,1648804751.9925845,273.0256652832031,91.40104675292969,1379.3734130859375,0.9533469080924988,0.2950592041015625,0.06379419565200806,0.2853788137435913,-0.949796199798584,0.12824222445487976,0.09843053668737411,-0.10405381768941879,-0.9896889328956604
4,1648804751.992592,187.35243225097656,-85.14350891113281,1537.8616943359375,0.130985826253891,-0.991243839263916,0.016685722395777702,-0.988345205783844,-0.13188263773918152,-0.076031394302845,0.07756620645523071,-0.006532217841595411,-0.9969658255577087
300,1648804752.0230289,273.0357971191406,91.40827941894531,1379.40380859375,0.9534234404563904,0.2949492931365967,0.06315555423498154,0.2853291928768158,-0.9498014450073242,0.1283138394355774,0.09783131629228592,-0.10431730002164841,-0.9897206425666809
4,1648804752.0230408,188.02622985839844,-85.04039001464844,1537.9097900390625,0.1354590356349945,-0.9905584454536438,0.021089892834424973,-0.9877238869667053,-0.13668160140514374,-0.0756283774971962,0.07779692858457565,-0.010586443357169628,-0.9969130158424377
300,1648804752.0529428,273.01226806640625,91.40243530273438,1379.41064453125,0.9534368515014648,0.29494422674179077,0.06297647207975388,0.2853427231311798,-0.9497970938682556,0.12831617891788483,0.09766098856925964,-0.10437148809432983,-0.9897317290306091
4,1648804752.0529506,188.1956329345703,-85.02709197998047,1537.9776611328125,0.1367812603712082,-0.9903779625892639,0.021031921729445457,-0.9874987006187439,-0.1380011886358261,-0.0761704072356224,0.07833992689847946,-0.010350312106311321,-0.9968729615211487
300,1648804752.0825987,272.9996032714844,91.40105438232422,1379.3934326171875,0.9533613920211792,0.2950448989868164,0.06364427506923676,0.28545281291007996,-0.9498724341392517,0.12751075625419617,0.09807534515857697,-0.10339640080928802,-0.9897931218147278
4,1648804752.082607,188.22982788085938,-85.0621566772461,1538.1387939453125,0.13685756921768188,-0.9903078675270081,0.023670926690101624,-0.9874392747879028,-0.13828779757022858,-0.07642090320587158,0.07895361632108688,-0.012914824299514294,-0.9967946410179138
300,1648804752.1149113,273.01116943359375,91.40731048583984,1379.385986328125,0.9533628225326538,0.29501572251319885,0.06375811249017715,0.2854051887989044,-0.9498776793479919,0.12757858633995056,0.09820009768009186,-0.10343178361654282,-0.9897770285606384
4,1648804752.1149192,188.46336364746094,-85.04830169677734,1538.127685546875,0.13774769008159637,-0.9901079535484314,0.026679392904043198,-0.9871410727500916,-0.13944096863269806,-0.07815815508365631,0.08110521733760834,-0.015570219606161118,-0.9965839385986328
300,1648804752.1443503,273.02935791015625,91.4075698852539,1379.4140625,0.9534115195274353,0.29495224356651306,0.06332135200500488,0.28535571694374084,-0.9498493671417236,0.12789951264858246,0.09786999225616455,-0.10387176275253296,-0.9897636771202087
4,1648804752.144358,188.57467651367188,-85.02120208740234,1538.1143798828125,0.13778170943260193,-0.99004065990448,0.02890731208026409,-0.9871115684509277,-0.13965582847595215,-0.07814725488424301,0.08140603452920914,-0.01776747778058052,-0.9965226650238037
300,1648804752.1747983,273.0276794433594,91.41085815429688,1379.3997802734375,0.9533933401107788,0.2949844300746918,0.06344566494226456,0.2853679955005646,-0.9498364329338074,0.12796801328659058,0.0980115756392479,-0.10389848798513412,-0.9897468686103821
4,1648804752.174806,188.676513671875,-85.01370239257812,1538.1214599609375,0.13805723190307617,-0.9899383187294006,0.03102153167128563,-0.9871706366539001,-0.14007291197776794,-0.07663995027542114,0.08021409809589386,-0.020042845979332924,-0.9965761303901672
300,1648804752.204976,273.0093078613281,91.404541015625,1379.4217529296875,0.9534196853637695,0.2949974834918976,0.06298694759607315,0.2853834629058838,-0.9497694969177246,0.1284295916557312,0.09770948439836502,-0.10447186976671219,-0.9897163510322571
4,1648804752.2049837,188.59588623046875,-85.02333068847656,1538.111572265625,0.13720786571502686,-0.990039587020874,0.03155331313610077,-0.9873208403587341,-0.1392592042684555,-0.07618671655654907,0.07982195168733597,-0.02069982700049877,-0.9965941905975342
300,1648804752.235044,273.0009460449219,91.40450286865234,1379.40283203125,0.9534134268760681,0.29496702551841736,0.06322407722473145,0.285387247800827,-0.9498488903045654,0.1278325617313385,0.09775970876216888,-0.10383394360542297,-0.9897785186767578
4,1648804752.235051,188.5181884765625,-85.07135009765625,1538.193115234375,0.1360369324684143,-0.9900978207588196,0.03464540094137192,-0.9873552918434143,-0.13836699724197388,-0.07735734432935715,0.08138511329889297,-0.023683860898017883,-0.996401309967041
300,1648804752.2669067,273.0141906738281,91.40065002441406,1379.4163818359375,0.9533712863922119,0.29503926634788513,0.06352145969867706,0.28543105721473694,-0.9498397707939148,0.1278028041124344,0.09804205596446991,-0.1037125363945961,-0.9897633194923401
4,1648804752.2669141,188.54612731933594,-85.1148681640625,1538.3590087890625,0.1358538717031479,-0.9901298880577087,0.0344465896487236,-0.9872332215309143,-0.13821084797382355,-0.07917246222496033,0.0831519141793251,-0.02325093187391758,-0.9962655901908875
300,1648804752.296669,273.0201721191406,91.3990707397461,1379.3851318359375,0.9533604979515076,0.2950151264667511,0.06379538774490356,0.2854416072368622,-0.9499220252037048,0.12716613709926605,0.09811657667160034,-0.10302531719207764,-0.9898277521133423
4,1648804752.2966764,188.8155059814453,-85.11412048339844,1538.5482177734375,0.13723191618919373,-0.9897712469100952,0.03899112343788147,-0.9869555234909058,-0.13997474312782288,-0.0795355811715126,0.08417980372905731,-0.027567684650421143,-0.9960691928863525
300,1648804752.3264556,273.0224914550781,91.40770721435547,1379.401123046875,0.9533582925796509,0.2950170338153839,0.06381898373365402,0.2854132056236267,-0.9498929381370544,0.12744703888893127,0.09822025150060654,-0.10328791290521622,-0.9897900819778442
4,1648804752.3264635,189.04344177246094,-85.11317443847656,1538.71142578125,0.13893769681453705,-0.9895012378692627,0.039795223623514175,-0.9864976406097412,-0.14181086421012878,-0.0819271057844162,0.0867103710770607,-0.027875129133462906,-0.9958435297012329
300,1648804752.3567252,273.0147399902344,91.40672302246094,1379.4039306640625,0.9534016847610474,0.29498520493507385,0.06331644207239151,0.28546637296676636,-0.949921190738678,0.1271168440580368,0.09764321893453598,-0.10311870276927948,-0.9898648262023926
