300,1650636172.924243,-85.04841613769531,-100.40791320800781,1424.2103271484375,-0.4838956296443939,0.7731917500495911,0.40990182757377625,-0.6238102316856384,-0.6332584023475647,0.4580880105495453,0.6137636303901672,-0.034034162759780884,0.7887558937072754
4,1650636172.9242706,-197.1219482421875,-170.8128662109375,1466.1600341796875,0.07865848392248154,0.9889503121376038,0.12565889954566956,-0.9966822862625122,0.08065792918205261,-0.010895918123424053,-0.02091090939939022,-0.12438494712114334,0.992013692855835
300,1650636172.950234,-85.03633117675781,-100.39270782470703,1424.2376708984375,-0.4839249849319458,0.7728369235992432,0.4105358421802521,-0.6238616108894348,-0.6336532831192017,0.4574715495109558,0.6136882901191711,-0.03473563492298126,0.7887839674949646
4,1650636172.9502604,-196.6211395263672,-170.73631286621094,1466.0489501953125,0.08197879791259766,0.9887966513633728,0.12474238127470016,-0.9964188933372498,0.08391738682985306,-0.010357416234910488,-0.020709432661533356,-0.12344657629728317,0.9921351075172424
300,1650636172.9852524,-85.03527069091797,-100.44134521484375,1424.2557373046875,-0.4837593734264374,0.7732746005058289,0.4099063575267792,-0.6236975193023682,-0.633163571357727,0.45837244391441345,0.613985538482666,-0.03391561284661293,0.788588285446167
4,1650636172.9852808,-196.4501190185547,-170.7608184814453,1465.9339599609375,0.08530622720718384,0.9879424571990967,0.1291997879743576,-0.9961270093917847,0.08733920753002167,-0.010141456499695778,-0.021303381770849228,-0.1278342753648758,0.9915667176246643
300,1650636173.0305066,-84.98944091796875,-100.45820617675781,1424.2711181640625,-0.48358282446861267,0.7729066610336304,0.41080766916275024,-0.6238828301429749,-0.6335527896881104,0.4575818181037903,0.6139363646507263,-0.03501712903380394,0.788578450679779
4,1650636173.0305336,-196.83905029296875,-170.82778930664062,1465.959228515625,0.08715042471885681,0.9863435626029968,0.13975386321544647,-0.9959017634391785,0.08966756612062454,-0.011804784648120403,-0.02417496219277382,-0.1381523311138153,0.9901158809661865
300,1650636173.0781202,-84.95448303222656,-100.4926986694336,1424.3204345703125,-0.4835677444934845,0.7730849385261536,0.4104898273944855,-0.6241834163665771,-0.6333360075950623,0.45747190713882446,0.6136426329612732,-0.03500229865312576,0.7888076901435852
4,1650636173.078148,-197.5169677734375,-170.90623474121094,1465.9356689453125,0.08830354362726212,0.984542727470398,0.15125490725040436,-0.9957171082496643,0.09142107516527176,-0.0137688759714365,-0.02738393284380436,-0.1493912637233734,0.9883989095687866
300,1650636173.1220238,-84.93296813964844,-100.53577423095703,1424.2794189453125,-0.4833107888698578,0.773291826248169,0.41040274500846863,-0.6239416003227234,-0.6331027150154114,0.4581242799758911,0.6140908598899841,-0.03465093672275543,0.7884743213653564
4,1650636173.1220505,-197.41656494140625,-170.9073944091797,1465.5521240234375,0.09123403578996658,0.9837751984596252,0.15447558462619781,-0.9953919053077698,0.09468815475702286,-0.015136663801968098,-0.02951808273792267,-0.1523827761411667,0.9878806471824646
300,1650636173.1989944,-84.91159057617188,-100.5474853515625,1424.2628173828125,-0.48334217071533203,0.7735558152198792,0.4098680317401886,-0.6240226030349731,-0.6328052282333374,0.4584248661994934,0.6139838099479675,-0.03419084474444389,0.7885777354240417
4,1650636173.1990228,-197.49668884277344,-170.55299377441406,1464.51318359375,0.09121554344892502,0.9832249879837036,0.1579502820968628,-0.9951521158218384,0.09585603326559067,-0.021998770534992218,-0.036770228296518326,-0.15517792105674744,0.987201988697052
300,1650636173.2405877,-84.86856079101562,-100.61465454101562,1424.33447265625,-0.4831176996231079,0.7734671831130981,0.4102996289730072,-0.624284565448761,-0.6328753232955933,0.45797115564346313,0.6138941645622253,-0.034889765083789825,0.7886168956756592
4,1650636173.2406154,-196.91937255859375,-171.1508331298828,1465.3731689453125,0.0873439684510231,0.9856967329978943,0.1441282480955124,-0.9957136511802673,0.0908026471734047,-0.017583580687642097,-0.030419304966926575,-0.14197465777397156,0.9894027709960938
300,1650636173.2699785,-84.88218688964844,-100.61968994140625,1424.317626953125,-0.48304489254951477,0.7737785577774048,0.4097979664802551,-0.6240772008895874,-0.632534384727478,0.4587242007255554,0.614162266254425,-0.03416116535663605,0.7884400486946106
4,1650636173.270006,-197.497314453125,-171.93247985839844,1466.822265625,0.08377247303724289,0.9854950904846191,0.14758573472499847,-0.9962939023971558,0.08573254942893982,-0.006958747748285532,-0.01951071433722973,-0.1464558243751526,0.9890247583389282
300,1650636173.305921,-84.88187408447266,-100.5992202758789,1424.2982177734375,-0.4830625057220459,0.7737908363342285,0.40975406765937805,-0.6241426467895508,-0.6325181126594543,0.4586575925350189,0.6140819191932678,-0.03418470174074173,0.7885016202926636
4,1650636173.305949,-197.24330139160156,-172.5650177001953,1468.0751953125,0.0813097208738327,0.9869265556335449,0.13915695250034332,-0.9966320395469666,0.08199989795684814,0.0007760317530483007,-0.010644969530403614,-0.13875137269496918,0.9902700185775757
300,1650636173.3514109,-84.80203247070312,-100.65171813964844,1424.473388671875,-0.48286741971969604,0.7736116647720337,0.4103219211101532,-0.6241558194160461,-0.6327055096626282,0.45838117599487305,0.6142219305038452,-0.03476746380329132,0.7883670926094055
4,1650636173.3514385,-196.31248474121094,-172.82936096191406,1468.527587890625,0.08635799586772919,0.9872673153877258,0.13358719646930695,-0.9962348341941833,0.08660434931516647,0.003976468462496996,-0.0076433937065303326,-0.13342761993408203,0.9910290837287903
300,1650636173.3840125,-84.83787536621094,-100.66461944580078,1424.557861328125,-0.4828878343105316,0.7735353708267212,0.41044169664382935,-0.6240058541297913,-0.6328004598617554,0.4584542214870453,0.6143582463264465,-0.03473604470491409,0.7882622480392456
4,1650636173.3840384,-196.31031799316406,-172.38377380371094,1467.7880859375,0.08769848942756653,0.9869006276130676,0.13541093468666077,-0.9960422515869141,0.08884711563587189,-0.00245084660127759,-0.01444961316883564,-0.13466008007526398,0.9907864928245544
300,1650636173.415611,-84.92008209228516,-100.62260437011719,1424.5152587890625,-0.4830739200115204,0.7737579941749573,0.40980255603790283,-0.6240293979644775,-0.6325618624687195,0.458751380443573,0.614188015460968,-0.03411801531910896,0.7884218692779541
4,1650636173.4156418,-196.96421813964844,-171.85693359375,1466.811279296875,0.08527788519859314,0.9869193434715271,0.13681325316429138,-0.9961544275283813,0.0872230976819992,-0.00827565137296915,-0.020100677385926247,-0.13558140397071838,0.9905622601509094
300,1650636173.460977,-84.89928436279297,-100.59748840332031,1424.3720703125,-0.48325008153915405,0.7738667726516724,0.40938931703567505,-0.6239066123962402,-0.6324576735496521,0.4590619206428528,0.6141741871833801,-0.033578988164663315,0.7884557843208313
4,1650636173.461004,-197.03323364257812,-171.2212677001953,1465.511962890625,0.07437357306480408,0.9905818700790405,0.11496150493621826,-0.996833324432373,0.07710137218236923,-0.019460143521428108,-0.028140556067228317,-0.11315013468265533,0.9931793212890625
300,1650636173.5049248,-84.8201904296875,-100.60433959960938,1424.33447265625,-0.4832227826118469,0.7740551233291626,0.409065306186676,-0.6240136623382568,-0.6322388052940369,0.4592178463935852,0.6140868663787842,-0.03335780277848244,0.7885331511497498
4,1650636173.5049524,-197.83566284179688,-171.0726318359375,1465.210693359375,0.06435894966125488,0.9918875098228455,0.1096227690577507,-0.9974625110626221,0.067290298640728,-0.023250315338373184,-0.030438246205449104,-0.10784823447465897,0.9937012791633606
300,1650636173.5309904,-84.85346984863281,-100.6065673828125,1424.3729248046875,-0.48321694135665894,0.7740911245346069,0.4090040922164917,-0.6239203810691833,-0.6322031021118164,0.459393709897995,0.6141862273216248,-0.03319918364286423,0.7884624600410461
4,1650636173.5310166,-199.08238220214844,-171.3241424560547,1465.702392578125,0.06526625156402588,0.9896281361579895,0.12797074019908905,-0.9974917769432068,0.06822370737791061,-0.01886018179357052,-0.027395203709602356,-0.1264188289642334,0.9915986061096191
300,1650636173.5703652,-84.94888305664062,-100.59795379638672,1424.4801025390625,-0.48323726654052734,0.7736079096794128,0.40989330410957336,-0.6240363717079163,-0.6327396035194397,0.45849671959877014,0.614052414894104,-0.03422560542821884,0.7885228395462036
4,1650636173.5703926,-200.03526306152344,-171.65879821777344,1466.5137939453125,0.06842999160289764,0.9872121810913086,0.14397722482681274,-0.9973998069763184,0.07096615433692932,-0.012547740712761879,-0.022604791447520256,-0.14274421334266663,0.989501416683197
300,1650636173.6159022,-84.94355773925781,-100.5815200805664,1424.4410400390625,-0.4832615554332733,0.7734510898590088,0.41016054153442383,-0.6238317489624023,-0.6329278945922852,0.4585152864456177,0.6142411828041077,-0.03428836539387703,0.7883730530738831
4,1650636173.6159306,-201.77752685546875,-171.57569885253906,1466.452880859375,0.06752367317676544,0.9836589694023132,0.16689978539943695,-0.9974660277366638,0.07031247019767761,-0.010850395075976849,-0.022408224642276764,-0.16574420034885406,0.9859141707420349
300,1650636173.6421745,-84.91065979003906,-100.5592041015625,1424.4097900390625,-0.4834137260913849,0.7734142541885376,0.41005071997642517,-0.6239521503448486,-0.6329718828201294,0.4582906663417816,0.61399906873703,-0.03430803120136261,0.7885607481002808
4,1650636173.642201,-203.32754516601562,-171.26853942871094,1466.142578125,0.06477128714323044,0.979937732219696,0.18848548829555511,-0.9974713325500488,0.0691145807504654,-0.016555514186620712,-0.02925046719610691,-0.18693655729293823,0.9819363951683044
300,1650636173.6780753,-84.9253158569336,-100.5489273071289,1424.396240234375,-0.4834870398044586,0.7735735177993774,0.4096636474132538,-0.6238338947296143,-0.632804811000824,0.45868220925331116,0.6140615344047546,-0.033795181661844254,0.7885342836380005
4,1650636173.6781032,-204.26332092285156,-170.76644897460938,1465.375244140625,0.06634577363729477,0.9763835072517395,0.20560503005981445,-0.9971533417701721,0.07227864861488342,-0.02147211879491806,-0.035825878381729126,-0.2035951465368271,0.9783994555473328
300,1650636173.7238822,-84.9946060180664,-100.53250885009766,1424.4520263671875,-0.483369916677475,0.7734283208847046,0.4100758135318756,-0.6239049434661865,-0.6329560279846191,0.45837676525115967,0.6140815019607544,-0.03428278863430023,0.7884976863861084
4,1650636173.7239099,-203.0513153076172,-170.49554443359375,1464.9949951171875,0.07741942256689072,0.9753106236457825,0.20682208240032196,-0.9962502121925354,0.08371460437774658,-0.02184787206351757,-0.03862249106168747,-0.20435510575771332,0.9781345725059509
300,1650636173.789339,-84.93208312988281,-100.51728820800781,1424.3475341796875,-0.48345059156417847,0.7734877467155457,0.4098685383796692,-0.6236997246742249,-0.6329059600830078,0.45872506499290466,0.6142264604568481,-0.033864010125398636,0.7884028553962708
4,1650636173.7893667,-198.905029296875,-170.7130584716797,1465.5218505859375,0.08938346058130264,0.981547474861145,0.16904202103614807,-0.9954797625541687,0.09351135790348053,-0.016601823270320892,-0.03210282698273659,-0.16679398715496063,0.9854689836502075
300,1650636173.8303487,-84.94957733154297,-100.48265838623047,1424.34619140625,-0.4835253655910492,0.7731619477272034,0.41039469838142395,-0.6240087747573853,-0.6332573890686035,0.457818865776062,0.6138535737991333,-0.034722864627838135,0.7886558771133423
4,1650636173.8303778,-198.59658813476562,-170.6683807373047,1465.4976806640625,0.0902266800403595,0.9820413589477539,0.16569221019744873,-0.9954330921173096,0.09413406252861023,-0.015866253525018692,-0.03117859736084938,-0.16350394487380981,0.9860498905181885
300,1650636173.858484,-84.99575805664062,-100.48052215576172,1424.347900390625,-0.48357197642326355,0.7733604907989502,0.409965455532074,-0.6238203644752502,-0.6330491304397583,0.45836341381073,0.6140084266662598,-0.034093089401721954,0.7885628342628479
4,1650636173.85851,-197.8895263671875,-170.4232177734375,1465.0849609375,0.09033629298210144,0.9840428829193115,0.15329360961914062,-0.9953395128250122,0.09442373365163803,-0.019581496715545654,-0.033743586391210556,-0.15081025660037994,0.98798668384552
300,1650636173.8927443,-85.01165008544922,-100.47430419921875,1424.3565673828125,-0.4835251569747925,0.7731203436851501,0.41047337651252747,-0.6236988306045532,-0.6333212852478027,0.4581526815891266,0.6141687035560608,-0.03448342904448509,0.7884210348129272
4,1650636173.8927722,-197.03001403808594,-170.2208709716797,1464.84912109375,0.09134209156036377,0.9858624935150146,0.14046961069107056,-0.9952039122581482,0.09533221274614334,-0.021929629147052765,-0.03501087799668312,-0.13779281079769135,0.9898421168327332
300,1650636173.9384124,-85.00172424316406,-100.45339965820312,1424.2974853515625,-0.4837482273578644,0.7734131813049316,0.4096580147743225,-0.6236206293106079,-0.633012056350708,0.4586862027645111,0.6140724420547485,-0.03358255699276924,0.7885348796844482
4,1650636173.9384406,-194.97499084472656,-169.90789794921875,1464.3614501953125,0.09335450083017349,0.9895132184028625,0.11022048443555832,-0.9949866533279419,0.09670854359865189,-0.02547529712319374,-0.03586740419268608,-0.10728967934846878,0.9935806393623352
300,1650636173.9676578,-85.01773071289062,-100.42926025390625,1424.26220703125,-0.483715295791626,0.7732924222946167,0.4099247455596924,-0.6235304474830627,-0.6331501007080078,0.45861828327178955,0.6141899824142456,-0.033759862184524536,0.7884357571601868
4,1650636173.967684,-192.73345947265625,-169.5853729248047,1463.934814453125,0.09432210773229599,0.9925081133842468,0.07765908539295197,-0.9948870539665222,0.09680135548114777,-0.028796184808015823,-0.03609795123338699,-0.07454590499401093,0.9965640306472778
300,1650636174.0039206,-85.04902648925781,-100.40908813476562,1424.2890625,-0.48384472727775574,0.7731122374534607,0.4101119041442871,-0.6238244771957397,-0.6333432793617249,0.45795121788978577,0.6137892603874207,-0.0342605784535408,0.7887261509895325
4,1650636174.0039487,-190.73342895507812,-169.2692413330078,1463.820068359375,0.09443085640668869,0.9943903684616089,0.04765137657523155,-0.9947047829627991,0.09619450569152832,-0.03618081286549568,-0.040561649948358536,-0.04398246482014656,0.9982085227966309
300,1650636174.0494947,-85.06871795654297,-100.40634155273438,1424.29345703125,-0.48379597067832947,0.7726680636405945,0.41100549697875977,-0.6238061189651489,-0.6338363289833069,0.45729362964630127,0.6138463616371155,-0.03515093773603439,0.7886425256729126
4,1650636174.049522,-187.68765258789062,-168.7942657470703,1463.579833984375,0.09610863775014877,0.995365560054779,0.003244506660848856,-0.9943049550056458,0.09615601599216461,-0.04595356434583664,-0.04605257511138916,0.001190505689010024,0.9989383220672607
300,1650636174.0791957,-85.0614013671875,-100.39582824707031,1424.24072265625,-0.4839540719985962,0.773291289806366,0.40964505076408386,-0.6236014366149902,-0.6331622004508972,0.4585050940513611,0.6139297485351562,-0.033559832721948624,0.788646936416626
4,1650636174.0792232,-187.50357055664062,-168.64288330078125,1463.31298828125,0.09673869609832764,0.9953017234802246,0.00401324313133955,-0.9942087531089783,0.09682050347328186,-0.04663442447781563,-0.04680388793349266,0.0005213521071709692,0.9989039897918701
300,1650636174.111463,-85.061767578125,-100.38433074951172,1424.2296142578125,-0.48400381207466125,0.7729794383049011,0.4101744592189789,-0.6236687302589417,-0.6335101127624512,0.45793256163597107,0.6138221025466919,-0.03417187184095383,0.7887044548988342
4,1650636174.1114907,-188.77542114257812,-168.73374938964844,1463.2318115234375,0.09682885557413101,0.9949924945831299,0.024782011285424232,-0.9943127632141113,0.09781203418970108,-0.04213010147213936,-0.04434311017394066,-0.020561659708619118,0.9988047480583191
300,1650636174.1573083,-85.08197784423828,-100.3844985961914,1424.2889404296875,-0.4840587079524994,0.7730783820152283,0.40992313623428345,-0.6236339211463928,-0.6334049105644226,0.45812541246414185,0.6138141751289368,-0.03388239070773125,0.7887231111526489
4,1650636174.1573353,-194.53053283691406,-169.6450958251953,1464.5093994140625,0.09584317356348038,0.9887344837188721,0.11497025936841965,-0.9948216080665588,0.09907146543264389,-0.02268858626484871,-0.03382325917482376,-0.11220034956932068,0.9931098222732544
300,1650636174.2027452,-85.0954818725586,-100.38835144042969,1424.333984375,-0.48400965332984924,0.7728297710418701,0.41044944524765015,-0.6236040592193604,-0.633681058883667,0.45778408646583557,0.6138831973075867,-0.03438602760434151,0.7886475920677185
4,1650636174.202773,-204.35165405273438,-170.88641357421875,1467.185791015625,0.08975401520729065,0.9608452916145325,0.2621459364891052,-0.9954628944396973,0.0948936864733696,-0.006986025720834732,-0.03158848360180855,-0.26032954454421997,0.9650029540061951
300,1650636174.2313883,-85.14458465576172,-100.38220977783203,1424.3756103515625,-0.48420989513397217,0.7728329300880432,0.4102073013782501,-0.6228210926055908,-0.6337330937385559,0.45877695083618164,0.6145198941230774,-0.03334140405058861,0.7881964445114136
4,1650636174.2314148,-208.29757690429688,-171.43260192871094,1468.85595703125,0.08672037720680237,0.9430602788925171,0.32111823558807373,-0.9957265257835388,0.09232370555400848,-0.002232925733551383,-0.031752604991197586,-0.31955230236053467,0.9470365047454834
300,1650636174.2701845,-85.22270965576172,-100.33666229248047,1424.459228515625,-0.4846387505531311,0.7725114226341248,0.41030648350715637,-0.6219493746757507,-0.6341652870178223,0.4593619406223297,0.6150644421577454,-0.032565273344516754,0.7878040671348572
4,1650636174.27021,-213.23641967773438,-172.11634826660156,1471.7117919921875,0.08617186546325684,0.9113412499427795,0.4025314450263977,-0.9957971572875977,0.09136843681335449,0.006314726546406746,-0.031023798510432243,-0.40138381719589233,0.9153843522071838
300,1650636174.3139465,-85.26260375976562,-100.32466888427734,1424.5263671875,-0.48473337292671204,0.7721924781799316,0.410794734954834,-0.6219724416732788,-0.6345263123512268,0.4588318169116974,0.6149665713310242,-0.033091913908720016,0.7878585457801819
4,1650636174.3139732,-215.07427978515625,-172.5658416748047,1473.05224609375,0.08668089658021927,0.8994086384773254,0.4284279942512512,-0.9959359169006348,0.08878972381353378,0.01510260347276926,-0.02445659041404724,-0.4279959201812744,0.9034497141838074
300,1650636174.3401875,-85.2765884399414,-100.33325958251953,1424.5306396484375,-0.4848683774471283,0.7721613645553589,0.4106939136981964,-0.6217983961105347,-0.63457852602005,0.4589954614639282,0.615036129951477,-0.032816432416439056,0.7878157496452332
4,1650636174.3402178,-213.1076202392578,-172.60357666015625,1472.7623291015625,0.08843080699443817,0.9127103090286255,0.39892342686653137,-0.995871365070343,0.08925439417362213,0.016550304368138313,-0.02050003781914711,-0.3987399637699127,0.9168348908424377
300,1650636174.3762257,-85.28538513183594,-100.31538391113281,1424.5364990234375,-0.4850255846977234,0.7723498940467834,0.41015344858169556,-0.6218781471252441,-0.6343727707862854,0.4591718316078186,0.6148314476013184,-0.03235537186264992,0.7879945635795593
4,1650636174.3762534,-208.66270446777344,-172.21658325195312,1471.298095703125,0.0891554206609726,0.9400631785392761,0.3291391432285309,-0.9958788156509399,0.08965341001749039,0.013696723617613316,-0.01663266122341156,-0.32900384068489075,0.9441820979118347
300,1650636174.4220111,-85.28895568847656,-100.3149642944336,1424.483642578125,-0.48507073521614075,0.7726592421531677,0.4095168709754944,-0.6214916110038757,-0.6340484023094177,0.4601421356201172,0.6151865720748901,-0.031309824436903,0.7877596020698547
4,1650636174.42204,-201.3962860107422,-171.06622314453125,1468.4249267578125,0.08590517938137054,0.9752029776573181,0.20395955443382263,-0.9962111115455627,0.08686282485723495,0.004269542638212442,-0.013552832417190075,-0.20355355739593506,0.9789699912071228
300,1650636174.4874384,-85.30856323242188,-100.33438110351562,1424.5457763671875,-0.48496732115745544,0.7724180221557617,0.4100939929485321,-0.6217380166053772,-0.6343003511428833,0.4594615697860718,0.6150191426277161,-0.032147184014320374,0.7878565788269043
4,1650636174.487466,-191.18663024902344,-169.3362579345703,1465.6182861328125,0.07958704233169556,0.9964724183082581,0.02661934122443199,-0.9963332414627075,0.08036037534475327,-0.029365137219429016,-0.03140069171786308,-0.02418464981019497,0.999214231967926
300,1650636174.5285504,-85.30682373046875,-100.30489349365234,1424.5469970703125,-0.4850631356239319,0.7721851468086243,0.4104190766811371,-0.6217398643493652,-0.634566605091095,0.45909127593040466,0.6149417161941528,-0.03248564898967743,0.7879031300544739
4,1650636174.528579,-186.73724365234375,-168.60174560546875,1465.0777587890625,0.08388320356607437,0.9960851669311523,-0.027892351150512695,-0.9957815408706665,0.08274739235639572,-0.03964866325259209,-0.0371854230761528,0.031100545078516006,0.9988242983818054
300,1650636174.5564868,-85.30879211425781,-100.30885314941406,1424.544189453125,-0.48510757088661194,0.7722840905189514,0.41018033027648926,-0.6217055916786194,-0.6344602704048157,0.45928454399108887,0.6149412393569946,-0.03220900148153305,0.7879148721694946
4,1650636174.5565135,-185.52906799316406,-168.29022216796875,1464.509033203125,0.08507812768220901,0.9954751133918762,-0.04232010990381241,-0.9955428838729858,0.08319566398859024,-0.04441655054688454,-0.040694721043109894,0.04591036215424538,0.9981163144111633
300,1650636174.5908325,-85.29473114013672,-100.29815673828125,1424.4854736328125,-0.48508813977241516,0.7722745537757874,0.41022127866744995,-0.6215749979019165,-0.6344766616821289,0.459438681602478,0.6150886416435242,-0.03211502730846405,0.7878036499023438
4,1650636174.5908613,-185.64894104003906,-168.28428649902344,1464.2890625,0.08577507734298706,0.9955572485923767,-0.03883856534957886,-0.9955415725708008,0.0841081365942955,-0.04269440844655037,-0.039238087832927704,0.04232751950621605,0.9983329772949219
300,1650636174.616748,-85.30377960205078,-100.27970886230469,1424.5115966796875,-0.4851336181163788,0.7720064520835876,0.4106719195842743,-0.6215582489967346,-0.63478022813797,0.45904189348220825,0.6150696873664856,-0.032559867948293686,0.7878001928329468
4,1650636174.6167748,-187.93418884277344,-168.6446533203125,1464.6837158203125,0.08553194254636765,0.9963204860687256,-0.005453114863485098,-0.9956814050674438,0.08527623862028122,-0.036694709211587906,-0.03609466925263405,0.00856813509017229,0.999311625957489
300,1650636174.6580675,-85.33599853515625,-100.2706527709961,1424.5599365234375,-0.4852198362350464,0.7719194293022156,0.4107336103916168,-0.6214839220046997,-0.6348865032196045,0.4589954912662506,0.6150767803192139,-0.03255060687661171,0.7877950668334961
4,1650636174.6580977,-196.65234375,-169.6927032470703,1465.968017578125,0.08312148600816727,0.9888683557510376,0.12341076135635376,-0.9962678551673889,0.08535010367631912,-0.012873666360974312,-0.023263482376933098,-0.12188009917736053,0.992272138595581
300,1650636174.7017846,-85.39360809326172,-100.26553344726562,1424.63623046875,-0.48549559712409973,0.7717782855033875,0.41067299246788025,-0.6207097172737122,-0.6351009011268616,0.4597458839416504,0.6156406402587891,-0.03170410543680191,0.7873889803886414
4,1650636174.7018123,-207.04689025878906,-170.59242248535156,1468.2540283203125,0.07941295951604843,0.9567474126815796,0.27987125515937805,-0.996514618396759,0.08338680118322372,-0.0023008189164102077,-0.025538872927427292,-0.27871307730674744,0.9600347876548767
300,1650636174.7321892,-85.45252227783203,-100.24246978759766,1424.675537109375,-0.48579511046409607,0.7717316746711731,0.41040629148483276,-0.6202155947685242,-0.6351953148841858,0.46028199791908264,0.6159023642539978,-0.030937639996409416,0.7872148156166077
4,1650636174.7322168,-210.95733642578125,-170.9884796142578,1469.902099609375,0.08177944272756577,0.9353480339050293,0.34414565563201904,-0.9962522387504578,0.08647885918617249,0.0017002210952341557,-0.028171023353934288,-0.34299489855766296,0.9389147162437439
300,1650636174.7655504,-85.49205780029297,-100.20099639892578,1424.6541748046875,-0.48588690161705017,0.7717081308364868,0.41034191846847534,-0.6199899911880493,-0.6352381706237793,0.4605267345905304,0.6160570979118347,-0.030643971636891365,0.7871052026748657
4,1650636174.7655761,-213.2555389404297,-171.1953582763672,1471.0596923828125,0.08518528938293457,0.9184369444847107,0.386286199092865,-0.9958938956260681,0.09040791541337967,0.0046637412160634995,-0.030639978125691414,-0.38509735465049744,0.9223671555519104
300,1650636174.809314,-85.55908203125,-100.16969299316406,1424.718505859375,-0.4861636459827423,0.7711672782897949,0.4110303223133087,-0.6196128129959106,-0.6358787417411804,0.46015018224716187,0.6162182092666626,-0.030971357598900795,0.7869662642478943
4,1650636174.809342,-216.0403289794922,-171.43283081054688,1472.32568359375,0.08816748857498169,0.8953978419303894,0.43645069003105164,-0.9956265091896057,0.0928042009472847,0.01073480024933815,-0.030892539769411087,-0.43548834323883057,0.8996641635894775
300,1650636174.855125,-85.60430145263672,-100.14081573486328,1424.69580078125,-0.4864233136177063,0.7713454365730286,0.41038835048675537,-0.6190730333328247,-0.635719895362854,0.4610951244831085,0.6165556907653809,-0.029772935435175896,0.7867481708526611
4,1650636174.855153,-213.4200897216797,-171.38409423828125,1471.6097412109375,0.09249228239059448,0.9115011692047119,0.40076273679733276,-0.9953342080116272,0.0957440659403801,0.011951983906328678,-0.02747640386223793,-0.39999833703041077,0.9161038994789124
300,1650636174.884607,-85.6341552734375,-100.09967041015625,1424.7452392578125,-0.48656585812568665,0.7707030773162842,0.4114249348640442,-0.619286060333252,-0.6364371180534363,0.4598180055618286,0.616229236125946,-0.031057965010404587,0.7869542241096497
4,1650636174.884633,-210.86170959472656,-171.2493133544922,1470.96875,0.09402330964803696,0.925331175327301,0.3673171401023865,-0.9953008890151978,0.0959441214799881,0.013071543537080288,-0.023146413266658783,-0.3668200969696045,0.9300038814544678
300,1650636174.9206161,-85.62337493896484,-100.12242126464844,1424.695556640625,-0.4866364300251007,0.7712254524230957,0.4103611707687378,-0.6189815998077393,-0.635870635509491,0.4610100984573364,0.6164793372154236,-0.029661690816283226,0.7868121862411499
4,1650636174.9206448,-204.64764404296875,-170.5530548095703,1468.7308349609375,0.09125947207212448,0.9611548185348511,0.26048627495765686,-0.9956982731819153,0.09227863699197769,0.008341476321220398,-0.01601986773312092,-0.2601269781589508,0.9654415249824524
300,1650636174.9679003,-85.65763092041016,-100.10002899169922,1424.7528076171875,-0.48655933141708374,0.7707311511039734,0.41138002276420593,-0.6189481616020203,-0.6364222764968872,0.4602932631969452,0.6165737509727478,-0.030662929639220238,0.7866997718811035
4,1650636174.9679265,-199.78704833984375,-169.91537475585938,1467.4783935546875,0.0873425081372261,0.9806456565856934,0.17522963881492615,-0.9960671663284302,0.08859872817993164,0.0006565359071828425,-0.014881294220685959,-0.174597829580307,0.9845273494720459
300,1650636174.995496,-85.68484497070312,-100.10342407226562,1424.707275390625,-0.4866721034049988,0.7710579633712769,0.41063353419303894,-0.6186596751213074,-0.6360762119293213,0.4611585736274719,0.6167742013931274,-0.029609395191073418,0.7865830063819885
4,1650636174.99557,-194.24795532226562,-169.54566955566406,1466.940185546875,0.08855216205120087,0.9922808408737183,0.0868171900510788,-0.9959831833839417,0.08936826884746552,-0.005551448557525873,-0.013267298229038715,-0.08597686886787415,0.9962087869644165
300,1650636175.028096,-85.7177505493164,-100.07678985595703,1424.750732421875,-0.48663628101348877,0.7701224684715271,0.4124276340007782,-0.6190037131309509,-0.637103259563446,0.45927536487579346,0.6164572238922119,-0.03179417550563812,0.7867462038993835
4,1650636175.0281243,-189.9394989013672,-169.49862670898438,1467.5831298828125,0.09480626881122589,0.9949989914894104,0.031445521861314774,-0.995417058467865,0.09514861553907394,-0.00957194622606039,-0.012516074813902378,-0.0303939301520586,0.9994596242904663
300,1650636175.0542464,-85.69896697998047,-100.07736206054688,1424.7027587890625,-0.48677441477775574,0.7705017328262329,0.4115552604198456,-0.618783712387085,-0.6366989612579346,0.4601316750049591,0.6165691018104553,-0.030683351680636406,0.7867026925086975
4,1650636175.0542727,-189.17343139648438,-169.56614685058594,1467.7987060546875,0.09689998626708984,0.99491947889328,0.027305493131279945,-0.99525386095047,0.09710634499788284,-0.006332342978566885,-0.008951707743108273,-0.026562292128801346,0.9996070861816406
300,1650636175.1193018,-85.71420288085938,-100.0866470336914,1424.758544921875,-0.48687124252319336,0.7708454728126526,0.41079631447792053,-0.6186460256576538,-0.6363260746002197,0.4608320891857147,0.6166307330131531,-0.029771624132990837,0.7866893410682678
4,1650636175.119329,-197.08583068847656,-170.2273406982422,1468.7806396484375,0.09235888719558716,0.9856346845626831,0.1414003223180771,-0.9957195520401001,0.09192401170730591,0.009618481621146202,-0.003517775097861886,-0.1416834145784378,0.9899057745933533
300,1650636175.1846125,-85.68785095214844,-100.10125732421875,1424.778564453125,-0.48666074872016907,0.7704095244407654,0.41186225414276123,-0.6187459826469421,-0.6367976069450378,0.4600459039211273,0.6166965961456299,-0.030951842665672302,0.7865921854972839
4,1650636175.1846411,-209.90582275390625,-170.8392791748047,1470.8135986328125,0.08901900798082352,0.9348995089530945,0.343567430973053,-0.9958034157752991,0.09089235216379166,0.010682675056159496,-0.02124042436480522,-0.34307658672332764,0.9390672445297241
300,1650636175.2258565,-85.71061706542969,-100.0956802368164,1424.8682861328125,-0.4867219924926758,0.7704439759254456,0.41172540187835693,-0.6187686920166016,-0.6367614269256592,0.46006548404693604,0.6166254878044128,-0.03083878941833973,0.7866523861885071
4,1650636175.2258852,-210.8671875,-171.23764038085938,1471.9840087890625,0.09856690466403961,0.9187741875648499,0.38228073716163635,-0.9948612451553345,0.09991370886564255,0.01638129912316799,-0.023144371807575226,-0.381930947303772,0.9239010214805603
300,1650636175.2733784,-85.71937561035156,-100.07991027832031,1424.843994140625,-0.4867752492427826,0.7707293033599854,0.41112789511680603,-0.6184717416763306,-0.6364595890045166,0.46088165044784546,0.6168813109397888,-0.029925208538770676,0.7864871025085449
4,1650636175.273404,-208.43215942382812,-171.12220764160156,1471.385498046875,0.10334551334381104,0.9301440715789795,0.35235175490379333,-0.9944647550582886,0.10337945818901062,0.018775779753923416,-0.01896175555884838,-0.35234180092811584,0.9356792569160461
300,1650636175.3009822,-85.7281265258789,-100.07970428466797,1424.8450927734375,-0.48686566948890686,0.7705168128013611,0.4114190936088562,-0.6183474659919739,-0.636708676815033,0.46070435643196106,0.6169345378875732,-0.03009880520403385,0.7864387035369873
4,1650636175.301008,-206.21202087402344,-170.9079132080078,1470.8502197265625,0.10209447890520096,0.9438236951828003,0.3142826557159424,-0.9946261644363403,0.10231021791696548,0.015855267643928528,-0.0171897504478693,-0.31421250104904175,0.9491970539093018
300,1650636175.3370826,-85.75634002685547,-100.08671569824219,1424.8902587890625,-0.48682117462158203,0.7703021764755249,0.41187337040901184,-0.6180415749549866,-0.6369614005088806,0.4607654809951782,0.6172760725021362,-0.030244458466768265,0.7861650586128235
4,1650636175.3371098,-202.49513244628906,-170.18138122558594,1469.0220947265625,0.09632411599159241,0.965729296207428,0.24101565778255463,-0.9952477812767029,0.09691829234361649,0.00941650290042162,-0.014265032485127449,-0.24077732861042023,0.9704755544662476
300,1650636175.3844569,-85.78636932373047,-100.06056213378906,1424.8883056640625,-0.4871067702770233,0.7701310515403748,0.4118557572364807,-0.618123471736908,-0.6371644139289856,0.4603746831417084,0.6169686913490295,-0.030326075851917267,0.7864031791687012
4,1650636175.3844824,-195.47567749023438,-169.2312774658203,1467.2537841796875,0.09551744163036346,0.9878588318824768,0.12252089381217957,-0.9953241944313049,0.09655662626028061,-0.0025587037671357393,-0.014357841573655605,-0.1217036098241806,0.9924626350402832
300,1650636175.4123833,-85.80043029785156,-100.05410766601562,1424.89208984375,-0.4868706464767456,0.7701433300971985,0.41211193799972534,-0.6178993582725525,-0.6371487379074097,0.4606971740722656,0.6173794269561768,-0.03034375235438347,0.7860800623893738
4,1650636175.4124224,-192.82843017578125,-168.8019256591797,1466.6497802734375,0.095038503408432,0.9921488165855408,0.08129185438156128,-0.9952920079231262,0.09626349061727524,-0.011275969445705414,-0.019012877717614174,-0.07983748614788055,0.9966265559196472
300,1650636175.444789,-85.79571533203125,-100.06204223632812,1424.87939453125,-0.4870752990245819,0.7700806260108948,0.4119872450828552,-0.6178446412086487,-0.6372327208518982,0.4606543481349945,0.6172727346420288,-0.030170759186148643,0.7861705422401428
4,1650636175.4448168,-188.9462127685547,-168.3163604736328,1466.1380615234375,0.09837004542350769,0.994842529296875,0.024731770157814026,-0.9948735237121582,0.09889804571866989,-0.021115561947226524,-0.023452583700418472,-0.022527843713760376,0.9994710683822632
300,1650636175.490535,-85.80633544921875,-100.01917266845703,1424.885498046875,-0.487217515707016,0.7699964642524719,0.41197633743286133,-0.6180903315544128,-0.6373224854469299,0.46020036935806274,0.6169144511222839,-0.03042091429233551,0.7864420413970947
4,1650636175.4905622,-190.95094299316406,-168.51260375976562,1466.2574462890625,0.09931638836860657,0.993109941482544,0.06220013648271561,-0.9948412775993347,0.10039893537759781,-0.014519899152219296,-0.02066468447446823,-0.06043720245361328,0.9979580640792847
300,1650636175.519643,-85.8218002319336,-100.01729583740234,1424.8875732421875,-0.4872033894062042,0.7696893811225891,0.41256651282310486,-0.6179969310760498,-0.6376690864562988,0.459845632314682,0.6170191764831543,-0.03092649206519127,0.7863401770591736
4,1650636175.51967,-196.50621032714844,-169.17977905273438,1467.0736083984375,0.09594745188951492,0.9849647283554077,0.14366114139556885,-0.9952643513679504,0.0971914529800415,-0.001650234335102141,-0.015588057227432728,-0.1428224742412567,0.9896255731582642
300,1650636175.557817,-85.80807495117188,-100.03150177001953,1424.8955078125,-0.4871956706047058,0.7697800993919373,0.4124063551425934,-0.6179048418998718,-0.6375720500946045,0.46010372042655945,0.6171174645423889,-0.030667340382933617,0.786273181438446
4,1650636175.5578427,-207.00648498535156,-170.36834716796875,1469.8304443359375,0.09046559035778046,0.9493717551231384,0.30084747076034546,-0.9957575798034668,0.09132761508226395,0.011228086426854134,-0.016816051676869392,-0.30058690905570984,0.9536061882972717
300,1650636175.601619,-85.83990478515625,-100.02938842773438,1424.8935546875,-0.4871803820133209,0.76991206407547,0.4121779501438141,-0.617727518081665,-0.6374325752258301,0.4605349004268646,0.6173070669174194,-0.03025009110569954,0.786140501499176
4,1650636175.6016457,-211.19586181640625,-170.94903564453125,1471.446044921875,0.09099029749631882,0.9270493388175964,0.3637310564517975,-0.9956968426704407,0.09113362431526184,0.016807420179247856,-0.017566822469234467,-0.3636951744556427,0.9313523769378662
300,1650636175.6279948,-85.87065124511719,-100.00730895996094,1424.8956298828125,-0.48736095428466797,0.7698403000831604,0.41209861636161804,-0.6176621913909912,-0.6375259160995483,0.46049341559410095,0.6172299385070801,-0.030111216008663177,0.7862064242362976
4,1650636175.6280212,-210.67074584960938,-170.99569702148438,1471.7784423828125,0.09548643231391907,0.9255803823471069,0.3663104176521301,-0.9952676892280579,0.09543103724718094,0.018305420875549316,-0.018014244735240936,-0.36632487177848816,0.9303126335144043
300,1650636175.665267,-85.8738784790039,-100.01395416259766,1424.8826904296875,-0.48727041482925415,0.7701679468154907,0.41159313917160034,-0.6173030138015747,-0.6371715664863586,0.46146446466445923,0.6176605820655823,-0.029219700023531914,0.7859017848968506
4,1650636175.6652925,-211.93006896972656,-170.86314392089844,1471.966064453125,0.09492148458957672,0.9169940948486328,0.3874426484107971,-0.9952496886253357,0.09587406367063522,0.016917690634727478,-0.021632276475429535,-0.3872080147266388,0.9217385649681091
300,1650636175.7090116,-85.87242126464844,-100.02234649658203,1424.918701171875,-0.48735037446022034,0.7696694731712341,0.4124300181865692,-0.6175002455711365,-0.6377240419387817,0.46043625473976135,0.6174002289772034,-0.030281849205493927,0.7860661149024963
4,1650636175.7090394,-212.91896057128906,-170.6512451171875,1471.6568603515625,0.09318797290325165,0.9143667817115784,0.39401698112487793,-0.9953253269195557,0.09563525766134262,0.013468058779835701,-0.025367170572280884,-0.3934301435947418,0.919004499912262
300,1650636175.7565901,-85.91960144042969,-99.9888916015625,1424.90673828125,-0.487318754196167,0.7696849703788757,0.4124384820461273,-0.617388904094696,-0.637710452079773,0.46060431003570557,0.6175365447998047,-0.030173825100064278,0.785963237285614
4,1650636175.7566159,-212.7083740234375,-170.3958740234375,1471.08544921875,0.09872470796108246,0.9109102487564087,0.4006194770336151,-0.9946328401565552,0.10285519063472748,0.011240072548389435,-0.030967095866799355,-0.3995789587497711,0.9161756038665771
300,1650636175.7842684,-85.91627502441406,-100.00149536132812,1424.910400390625,-0.4875239133834839,0.7699314951896667,0.4117352366447449,-0.6174150705337524,-0.6374445557594299,0.46093711256980896,0.6173484325408936,-0.02949368953704834,0.7861368060112
4,1650636175.784295,-208.61370849609375,-170.0401153564453,1469.54052734375,0.1047440618276596,0.9323825240135193,0.3459646701812744,-0.9941198229789734,0.10777243971824646,0.010530000552535057,-0.02746746875345707,-0.34503328800201416,0.9381884336471558
300,1650636175.820267,-85.87110137939453,-100.01325988769531,1424.9188232421875,-0.48747801780700684,0.7698655128479004,0.4119130074977875,-0.6173884868621826,-0.6375172734260559,0.46087220311164856,0.6174112558364868,-0.029645275324583054,0.7860817313194275
4,1650636175.820308,-203.55577087402344,-169.46192932128906,1468.1990966796875,0.10838548839092255,0.9552973508834839,0.27506279945373535,-0.9938130378723145,0.11087320744991302,0.00653681019321084,-0.024252496659755707,-0.27406948804855347,0.961404025554657
300,1650636175.8657782,-85.90985107421875,-99.97299194335938,1424.9193115234375,-0.48758307099342346,0.7698622941970825,0.4117945432662964,-0.6173496246337891,-0.6375283002853394,0.460908979177475,0.617367148399353,-0.029489805921912193,0.78612220287323
4,1650636175.865806,-199.66067504882812,-168.5908966064453,1466.3677978515625,0.10568881779909134,0.9730063676834106,0.20515476167201996,-0.9940725564956665,0.10866925865411758,-0.0032830366399139166,-0.025488432496786118,-0.2035917341709137,0.9787240624427795
300,1650636175.8963335,-85.93677520751953,-99.97518157958984,1424.911376953125,-0.4877719283103943,0.7695980072021484,0.41206490993499756,-0.617281436920166,-0.6378373503684998,0.46057260036468506,0.6172861456871033,-0.02970563806593418,0.7861776947975159
4,1650636175.8963597,-197.2248992919922,-168.1804962158203,1465.65234375,0.10357433557510376,0.9814624786376953,0.16125695407390594,-0.9942701458930969,0.10647834837436676,-0.009448511525988579,-0.026443734765052795,-0.15935435891151428,0.9868672490119934
300,1650636175.9278057,-85.93241119384766,-99.99514770507812,1424.9615478515625,-0.48769810795783997,0.7695435881614685,0.41225382685661316,-0.6174126267433167,-0.6378878355026245,0.46032682061195374,0.617213249206543,-0.030030200257897377,0.7862226366996765
4,1650636175.9278336,-195.56187438964844,-168.0033416748047,1465.5257568359375,0.1024436205625534,0.9857088327407837,0.1337289959192276,-0.9943392276763916,0.10528291016817093,-0.014316834509372711,-0.02819160744547844,-0.1315053254365921,0.990914523601532
300,1650636175.9753525,-85.9375991821289,-99.97848510742188,1424.99072265625,-0.4877246916294098,0.7696365118026733,0.4120488464832306,-0.6171896457672119,-0.63779616355896,0.4607526957988739,0.6174152493476868,-0.029591800644993782,0.7860805988311768
4,1650636175.975379,-189.47378540039062,-167.63818359375,1465.263427734375,0.10612408071756363,0.9934526085853577,0.04230429232120514,-0.9940075278282166,0.1071123406291008,-0.021815724670886993,-0.026204200461506844,-0.03973561152815819,0.9988665580749512
300,1650636176.0193334,-85.98943328857422,-99.94465637207031,1424.9404296875,-0.4878801703453064,0.7697721719741821,0.4116111397743225,-0.6168596744537354,-0.6376681327819824,0.4613712728023529,0.6176220774650574,-0.028812425211071968,0.7859470844268799
4,1650636176.0193603,-185.31094360351562,-167.46987915039062,1465.8199462890625,0.10924170911312103,0.9939121603965759,-0.014313586056232452,-0.9937264323234558,0.10885157436132431,-0.025672966614365578,-0.023958615958690643,0.01702834665775299,0.9995679259300232
300,1650636176.0848234,-86.00081634521484,-99.95985412597656,1424.9300537109375,-0.48785078525543213,0.7694413065910339,0.4122641384601593,-0.6162805557250977,-0.6380643248558044,0.4615974724292755,0.6182231903076172,-0.0288796778768301,0.7854718565940857
4,1650636176.0848505,-184.9424591064453,-168.08267211914062,1467.1357421875,0.1030166894197464,0.9942408800125122,-0.02954113483428955,-0.9945536851882935,0.10248563438653946,-0.0189642533659935,-0.015827493742108345,0.03133387863636017,0.9993836283683777
300,1650636176.125885,-85.99496459960938,-99.96595764160156,1424.9471435546875,-0.4879199266433716,0.769650936126709,0.41179075837135315,-0.6164155006408691,-0.6378267407417297,0.46174558997154236,0.6180340647697449,-0.028539318591356277,0.7856330871582031
4,1650636176.1259131,-192.543212890625,-168.8516387939453,1467.8958740234375,0.09407759457826614,0.9929053783416748,0.07272116094827652,-0.9955306053161621,0.09442925453186035,-0.0014052367769181728,-0.008262271992862225,-0.0722639411687851,0.997351348400116
300,1650636176.1734257,-85.98162078857422,-99.97731018066406,1424.9854736328125,-0.4878373146057129,0.7692631483078003,0.4126124083995819,-0.6166722774505615,-0.6382442712783813,0.4608248472213745,0.6178430914878845,-0.029639065265655518,0.7857426404953003
4,1650636176.1734526,-207.3629150390625,-169.6648406982422,1469.4593505859375,0.08197297155857086,0.9540401101112366,0.28824976086616516,-0.996491551399231,0.08335805684328079,0.0074880970641970634,-0.01688399352133274,-0.2878522574901581,0.9575259685516357
300,1650636176.200989,-85.9833755493164,-99.98190307617188,1424.9619140625,-0.487907350063324,0.769636332988739,0.4118328392505646,-0.616534948348999,-0.6378368735313416,0.4615720212459564,0.6179248094558716,-0.02870497852563858,0.7857130169868469
4,1650636176.2010167,-212.31607055664062,-170.04151916503906,1471.03759765625,0.08029679954051971,0.9277473092079163,0.3644685745239258,-0.9965007305145264,0.0832301527261734,0.007680404465645552,-0.02320929989218712,-0.3638099133968353,0.9311839938163757
300,1650636176.2370932,-85.99089050292969,-99.95553588867188,1424.959228515625,-0.4878458082675934,0.7694274187088013,0.4122958779335022,-0.6166386008262634,-0.6380627155303955,0.46112123131752014,0.6178699731826782,-0.02928149327635765,0.7857348918914795
4,1650636176.237122,-216.60281372070312,-170.62936401367188,1473.410888671875,0.08470383286476135,0.893031895160675,0.44194942712783813,-0.9961262941360474,0.08640643209218979,0.016318639740347862,-0.02361420728266239,-0.4416196942329407,0.8968915343284607
300,1650636176.2843812,-85.99710083007812,-99.95463562011719,1424.9539794921875,-0.4879895746707916,0.7694386839866638,0.41210466623306274,-0.6164284944534302,-0.6380675435066223,0.46139538288116455,0.6179660558700562,-0.028876909986138344,0.7856742739677429
4,1650636176.2844076,-221.2814483642578,-171.2799530029297,1476.60986328125,0.08726412802934647,0.8498516082763672,0.519747257232666,-0.9959644675254822,0.08541134744882584,0.027561472728848457,-0.020969154313206673,-0.5200549960136414,0.8538753390312195
300,1650636176.312222,-85.99419403076172,-99.93939971923828,1424.98046875,-0.488106906414032,0.7694464325904846,0.41195130348205566,-0.616519570350647,-0.6380608081817627,0.46128302812576294,0.6177825331687927,-0.02882060594856739,0.7858206629753113
4,1650636176.312248,-223.4523468017578,-171.4401397705078,1477.8277587890625,0.0862608477473259,0.8325328826904297,0.5472184419631958,-0.996082067489624,0.08281117677688599,0.031029386445879936,-0.019482821226119995,-0.5477511286735535,0.8364144563674927
300,1650636176.3448007,-86.00753021240234,-99.92894744873047,1424.99267578125,-0.4882078170776367,0.7690743207931519,0.4125261902809143,-0.6169217228889465,-0.6384629607200623,0.4601875841617584,0.6173011660575867,-0.02982918731868267,0.7861612439155579
4,1650636176.3448288,-224.40255737304688,-171.51795959472656,1478.1630859375,0.08564288914203644,0.8251913785934448,0.5583229064941406,-0.9961310625076294,0.08200101554393768,0.03160359710454941,-0.019704030826687813,-0.5588694214820862,0.8290215134620667
300,1650636176.3906085,-86.04591369628906,-99.93252563476562,1424.887939453125,-0.4882834553718567,0.769661545753479,0.41133978962898254,-0.6161529421806335,-0.6378454566001892,0.4620700478553772,0.6180087327957153,-0.02782706543803215,0.7856785655021667
4,1650636176.390636,-215.72555541992188,-170.91189575195312,1473.6494140625,0.09203393012285233,0.8954401612281799,0.4355647563934326,-0.9955928921699524,0.09066227823495865,0.02398192323744297,-0.01801491342484951,-0.4358523190021515,0.8998379111289978
300,1650636176.41986,-86.05292510986328,-99.89683532714844,1424.898193359375,-0.48834094405174255,0.7692867517471313,0.4119720757007599,-0.6165069937705994,-0.638252317905426,0.46103477478027344,0.6176100969314575,-0.028841493651270866,0.7859554290771484
4,1650636176.4198866,-210.23876953125,-170.20162963867188,1471.373779296875,0.09354796260595322,0.9287210702896118,0.3587839901447296,-0.9954620599746704,0.09356024861335754,0.01736997812986374,-0.017436057329177856,-0.35878077149391174,0.9332590103149414
300,1650636176.457861,-86.0227279663086,-99.9090805053711,1424.8958740234375,-0.48840197920799255,0.7693544030189514,0.41177335381507874,-0.6164519190788269,-0.6381823420524597,0.46120530366897583,0.6176168322563171,-0.02858489379286766,0.7859595417976379
4,1650636176.457886,-205.1391143798828,-168.99526977539062,1467.706787109375,0.08492454886436462,0.9625829458236694,0.2573361396789551,-0.9962098598480225,0.08690369129180908,0.003694231389090419,-0.018807457759976387,-0.25667455792427063,0.9663149118423462
300,1650636176.5016377,-86.05803680419922,-99.91090393066406,1424.870361328125,-0.48832207918167114,0.7687910795211792,0.4129186272621155,-0.6165730357170105,-0.6388017535209656,0.460184782743454,0.6175590753555298,-0.029876109212636948,0.785956859588623
4,1650636176.5016644,-195.70433044433594,-168.1784210205078,1465.4407958984375,0.08286482840776443,0.9922727346420288,0.09234844893217087,-0.9964152574539185,0.0840797871351242,-0.009337421506643295,-0.017029907554388046,-0.09124366194009781,0.995682954788208
300,1650636176.527734,-86.09819793701172,-99.88343048095703,1424.856689453125,-0.4886346757411957,0.7690920233726501,0.41198742389678955,-0.6162593960762024,-0.6384970545768738,0.4610269069671631,0.6176248788833618,-0.028617383912205696,0.7859520316123962
4,1650636176.52776,-190.38597106933594,-168.00848388671875,1465.9315185546875,0.0889364555478096,0.9958254098892212,0.02054521068930626,-0.9959123134613037,0.08923312276601791,-0.014002916403114796,-0.015777772292494774,-0.019215859472751617,0.99969083070755
300,1650636176.565342,-86.11577606201172,-99.8392562866211,1424.8367919921875,-0.4887019693851471,0.7688864469528198,0.41229116916656494,-0.6162826418876648,-0.6387293934822083,0.460673987865448,0.6175484657287598,-0.028955606743693352,0.7859996557235718
4,1650636176.5653684,-184.8155975341797,-167.91452026367188,1466.8028564453125,0.09765365719795227,0.9940798282623291,-0.047634925693273544,-0.995157778263092,0.09699828922748566,-0.015886472538113594,-0.011171914637088776,0.04895563796162605,0.9987384676933289
300,1650636176.6091435,-86.10504913330078,-99.8603286743164,1424.82568359375,-0.4887787401676178,0.7690662741661072,0.41186457872390747,-0.6160867214202881,-0.6385412812232971,0.4611964225769043,0.6176831722259521,-0.028321294113993645,0.7859169244766235
4,1650636176.6091714,-182.85009765625,-168.2672576904297,1468.0489501953125,0.10207659751176834,0.992541491985321,-0.06664621829986572,-0.994766891002655,0.1015508696436882,-0.0112379165366292,-0.0043861172161996365,0.0674445778131485,0.9977133870124817
300,1650636176.6567256,-86.1287612915039,-99.85855102539062,1424.8897705078125,-0.488689661026001,0.7688187956809998,0.41243186593055725,-0.6161301136016846,-0.6388114094734192,0.46076419949531555,0.6177103519439697,-0.02894098125398159,0.7858729362487793
4,1650636176.6567519,-185.06776428222656,-168.74954223632812,1468.89013671875,0.0996817797422409,0.994314432144165,-0.037447813898324966,-0.9950169920921326,0.09969363361597061,-0.0015553556149825454,0.00218679616227746,0.0374162532389164,0.9992973804473877
300,1650636176.684374,-86.10856628417969,-99.86457061767578,1424.8843994140625,-0.4886839985847473,0.7690675258636475,0.4119746685028076,-0.616031289100647,-0.638537585735321,0.4612756669521332,0.6178134083747864,-0.028371231630444527,0.7858127355575562
4,1650636176.6844,-192.04925537109375,-169.28221130371094,1468.9364013671875,0.09409835189580917,0.9935219287872314,0.06371568143367767,-0.9955490827560425,0.09356697648763657,0.011279578320682049,0.005244824104011059,-0.06449347734451294,0.997904360294342
300,1650636176.720378,-86.07555389404297,-99.90237426757812,1424.8612060546875,-0.48852360248565674,0.7691143155097961,0.41207754611968994,-0.6160297989845276,-0.6384770274162292,0.46136149764060974,0.6179417371749878,-0.028466060757637024,0.7857083678245544
4,1650636176.7204063,-205.05775451660156,-170.185791015625,1470.3946533203125,0.08518772572278976,0.9636101722717285,0.2533741295337677,-0.9963636994361877,0.08198705315589905,0.02318466454744339,0.0015675807371735573,-0.25442782044410706,0.9670904874801636
300,1650636176.765887,-86.06400299072266,-99.88752746582031,1424.9000244140625,-0.48841267824172974,0.7687768936157227,0.4128378927707672,-0.616151750087738,-0.6388426423072815,0.46069198846817017,0.6179078221321106,-0.029362976551055908,0.7857020497322083
4,1650636176.7659152,-218.49501037597656,-171.32138061523438,1475.79931640625,0.07697774469852448,0.8876045346260071,0.4541283845901489,-0.997020959854126,0.07075095921754837,0.030717188492417336,-0.00486530177295208,-0.45514005422592163,0.8904065489768982
300,1650636176.7952192,-86.0640869140625,-99.90091705322266,1424.91357421875,-0.4885409474372864,0.7687992453575134,0.41264450550079346,-0.6161144375801086,-0.6388262510299683,0.4607645869255066,0.6178435683250427,-0.029133865609765053,0.7857611179351807
4,1650636176.795246,-222.99822998046875,-171.81698608398438,1478.723876953125,0.07657482475042343,0.8491950035095215,0.5224979519844055,-0.9970574378967285,0.06709280610084534,0.03708075359463692,-0.0035670623183250427,-0.5237999558448792,0.8518338203430176
300,1650636176.8278923,-86.0478286743164,-99.91707611083984,1424.89990234375,-0.4885292053222656,0.7688196897506714,0.41262027621269226,-0.6161919236183167,-0.6387991309165955,0.46069857478141785,0.6177756190299988,-0.029188577085733414,0.7858125567436218
4,1650636176.8279197,-227.6804656982422,-172.3279266357422,1482.108154296875,0.0783429890871048,0.798311710357666,0.5971271395683289,-0.9969258904457092,0.06338683515787125,0.04605334997177124,-0.0010850690305233002,-0.5988994836807251,0.8008235096931458
300,1650636176.8755527,-86.05994415283203,-99.91290283203125,1424.9488525390625,-0.4883788228034973,0.7688019275665283,0.4128313958644867,-0.616326630115509,-0.6388046145439148,0.460510790348053,0.617760181427002,-0.02953527495265007,0.785811722278595
4,1650636176.87558,-231.2886505126953,-172.67547607421875,1485.3489990234375,0.07991170883178711,0.749312162399292,0.6573776602745056,-0.9967939853668213,0.06271083652973175,0.04969063773751259,-0.003990904428064823,-0.6592409014701843,0.7519211769104004
300,1650636176.9194136,-86.03414916992188,-99.92194366455078,1424.955078125,-0.4883364737033844,0.7688250541687012,0.4128383994102478,-0.6163754463195801,-0.6387741565704346,0.46048763394355774,0.6177449226379395,-0.02959054335951805,0.7858216166496277
300,1650636176.984903,-86.03653717041016,-99.96209716796875,1425.00830078125,-0.48832762241363525,0.7689534425735474,0.41260963678359985,-0.6165130138397217,-0.638623833656311,0.4605120122432709,0.6176146864891052,-0.029498454183340073,0.7859274744987488
4,1650636176.9849308,-233.00413513183594,-172.5153045654297,1485.896484375,0.08105797320604324,0.7232545018196106,0.6858079433441162,-0.9966182708740234,0.06811775267124176,0.0459565743803978,-0.01347739901393652,-0.6872138977050781,0.7263301014900208
300,1650636177.0258982,-86.03411865234375,-99.97412109375,1424.944091796875,-0.4882355034351349,0.7691548466682434,0.41234323382377625,-0.6163210272789001,-0.6384031176567078,0.4610746502876282,0.6178789734840393,-0.02902279980480671,0.7857373952865601
4,1650636177.0259256,-230.4225311279297,-172.37782287597656,1483.421630859375,0.08465256541967392,0.7532065510749817,0.6523142457008362,-0.9962928891181946,0.07404234260320663,0.04379725456237793,-0.015310500748455524,-0.6536036133766174,0.7566821575164795
300,1650636177.0734842,-85.98213958740234,-99.99032592773438,1424.94189453125,-0.48810848593711853,0.7690809369087219,0.4126313030719757,-0.6166564226150513,-0.6384629607200623,0.4605430066585541,0.6176446676254272,-0.029656793922185898,0.7858979105949402
4,1650636177.0735095,-227.10360717773438,-172.09458923339844,1480.8115234375,0.08287914097309113,0.7939997911453247,0.6022419929504395,-0.9964469075202942,0.0751148983836174,0.03809671849012375,-0.014988559298217297,-0.6032595634460449,0.7974040508270264
300,1650636177.1009321,-85.98477172851562,-100.0125503540039,1424.9327392578125,-0.48796507716178894,0.7694387435913086,0.4121336340904236,-0.6164852380752563,-0.6380635499954224,0.46132510900497437,0.6179288625717163,-0.028963761404156685,0.7857003211975098
4,1650636177.100958,-225.9250030517578,-171.90029907226562,1479.812255859375,0.07848674058914185,0.8130647540092468,0.5768583416938782,-0.9968085289001465,0.07246896624565125,0.03348185122013092,-0.014581416733562946,-0.5776451826095581,0.8161576986312866
300,1650636177.1371772,-85.98654174804688,-100.03697967529297,1425.002685546875,-0.4879894256591797,0.7694037556648254,0.41217008233070374,-0.6165969371795654,-0.6380987763404846,0.46112707257270813,0.6177981495857239,-0.029117684811353683,0.7857974171638489
4,1650636177.1372046,-224.97959899902344,-171.85354614257812,1478.93603515625,0.07314788550138474,0.831630527973175,0.5504907369613647,-0.9972492456436157,0.06761719286441803,0.03036227636039257,-0.011972442269325256,-0.5511974096298218,0.8342889547348022
300,1650636177.1845605,-85.95711517333984,-100.0932388305664,1424.97314453125,-0.48770490288734436,0.7698287963867188,0.41171300411224365,-0.6164694428443909,-0.6376136541366577,0.4619678258895874,0.6181499361991882,-0.028504516929388046,0.7855432033538818
4,1650636177.184586,-222.56381225585938,-172.02207946777344,1477.7998046875,0.0704301968216896,0.8582442402839661,0.5083861351013184,-0.99747633934021,0.06517820805311203,0.02815506048500538,-0.008971776813268661,-0.5090860724449158,0.8606688380241394
300,1650636177.2123945,-85.9300537109375,-100.09656524658203,1424.971923828125,-0.48764148354530334,0.7696405649185181,0.41213974356651306,-0.6167575120925903,-0.6378077864646912,0.461314857006073,0.6179125905036926,-0.029234016314148903,0.7857031226158142
4,1650636177.2124207,-221.2784423828125,-172.0983428955078,1477.2552490234375,0.07082364708185196,0.8691552877426147,0.4894416034221649,-0.9974610805511475,0.06537120044231415,0.02824874222278595,-0.007442838978022337,-0.49019962549209595,0.8715783953666687
300,1650636177.244922,-85.90711212158203,-100.10426330566406,1424.9852294921875,-0.48756468296051025,0.7698851823806763,0.4117736220359802,-0.616844117641449,-0.6375256776809692,0.461588978767395,0.6178867816925049,-0.028945641592144966,0.7857341170310974
4,1650636177.2449496,-220.9656524658203,-172.16220092773438,1477.0841064453125,0.0701296478509903,0.8720852136611938,0.4843027889728546,-0.9975098371505737,0.06494730710983276,0.027494007721543312,-0.007477045524865389,-0.48502495884895325,0.8744683265686035
300,1650636177.2906573,-85.90729522705078,-100.13404846191406,1424.9984130859375,-0.48744890093803406,0.7697035074234009,0.4122500419616699,-0.6169731616973877,-0.6377168297767639,0.46115216612815857,0.6178492307662964,-0.029559101909399033,0.7857407927513123
4,1650636177.2906854,-221.0694122314453,-172.3470458984375,1477.1932373046875,0.06963209062814713,0.8726798295974731,0.483302503824234,-0.9975566267967224,0.06366503983736038,0.028766170144081116,-0.005665816366672516,-0.48412469029426575,0.8749806880950928
300,1650636177.336405,-85.87615203857422,-100.15934753417969,1425.0126953125,-0.48738378286361694,0.7699503302574158,0.41186589002609253,-0.6169857978820801,-0.6374363899230957,0.4615228474140167,0.6178879737854004,-0.029176659882068634,0.7857245802879333
4,1650636177.336433,-221.9154815673828,-172.36080932617188,1477.3177490234375,0.06623220443725586,0.8683750033378601,0.4914652705192566,-0.9977697134017944,0.061735428869724274,0.025383248925209045,-0.008298639208078384,-0.4920503497123718,0.8705272078514099
300,1650636177.3837416,-85.83149719238281,-100.21290588378906,1424.968505859375,-0.4869837462902069,0.7703980803489685,0.41150161623954773,-0.6163888573646545,-0.6369404792785645,0.4630028009414673,0.618798553943634,-0.02817019261419773,0.7850444912910461
4,1650636177.3837674,-222.14886474609375,-172.54742431640625,1477.8443603515625,0.06510663777589798,0.8658097386360168,0.49611958861351013,-0.9978503584861755,0.06021052598953247,0.02587243542075157,-0.007471013348549604,-0.4967375695705414,0.8678686618804932
300,1650636177.4114306,-85.81453704833984,-100.20437622070312,1425.07470703125,-0.4871271252632141,0.7697616219520569,0.4125217795372009,-0.6171620488166809,-0.6376254558563232,0.46102583408355713,0.6179143786430359,-0.030014587566256523,0.7856723070144653
4,1650636177.4114575,-222.41619873046875,-172.54051208496094,1477.894287109375,0.06204156577587128,0.8664395809173584,0.4954122304916382,-0.9980559945106506,0.05680543929338455,0.02564021199941635,-0.005926415789872408,-0.49603989720344543,0.8682795166969299
300,1650636177.4459167,-85.813232421875,-100.2473373413086,1425.082763671875,-0.48696646094322205,0.7702828049659729,0.4117378890514374,-0.6168311238288879,-0.6370488405227661,0.46226420998573303,0.618371307849884,-0.028865575790405273,0.785355806350708
4,1650636177.4459414,-223.44308471679688,-172.5568389892578,1478.2459716796875,0.05548800155520439,0.8654115200042725,0.49797990918159485,-0.9984413981437683,0.051082417368888855,0.022479228675365448,-0.005984235554933548,-0.4984510838985443,0.8668971657752991
300,1650636177.490048,-85.78298950195312,-100.26094055175781,1425.1568603515625,-0.4871378242969513,0.7703695297241211,0.41137272119522095,-0.6171244382858276,-0.6369466781616211,0.4620133936405182,0.617943525314331,-0.028803959488868713,0.7856946587562561
4,1650636177.4900763,-224.64971923828125,-172.72860717773438,1479.0704345703125,0.04900738596916199,0.8632221817970276,0.5024397969245911,-0.9987952709197998,0.04361237213015556,0.022492608055472374,-0.0024964725598692894,-0.5029367804527283,0.8643195629119873
300,1650636177.5355723,-85.77804565429688,-100.25595092773438,1425.110107421875,-0.4868970513343811,0.769804835319519,0.4127126634120941,-0.6171907782554626,-0.637563169002533,0.4610734283924103,0.6180669665336609,-0.03022715263068676,0.7855440974235535
4,1650636177.5356157,-225.42108154296875,-172.8156280517578,1479.5052490234375,0.0437324233353138,0.8628929257392883,0.5034911036491394,-0.9990431070327759,0.03808043524622917,0.021512269973754883,-0.0006103742052800953,-0.5039501190185547,0.8637325763702393
300,1650636177.597602,-85.77511596679688,-100.25996398925781,1425.1226806640625,-0.4868082106113434,0.7699121236801147,0.41261735558509827,-0.6172775030136108,-0.637434184551239,0.4611356854438782,0.6180503964424133,-0.030214771628379822,0.7855576276779175
4,1650636177.5976303,-225.16030883789062,-173.08389282226562,1479.8807373046875,0.044773466885089874,0.8646900653839111,0.5003063678741455,-0.9989888668060303,0.03671379014849663,0.02594839222729206,0.004069173242896795,-0.5009622573852539,0.8654595613479614
300,1650636177.6386075,-85.77952575683594,-100.25386810302734,1425.13525390625,-0.4868904650211334,0.7700378894805908,0.4122854471206665,-0.6172730326652527,-0.6372982263565063,0.46132951974868774,0.6179900169372559,-0.029875749722123146,0.7856180667877197
4,1650636177.638635,-223.54861450195312,-173.23321533203125,1479.55908203125,0.05191630497574806,0.8697710633277893,0.4907167851924896,-0.9986488819122314,0.044102899730205536,0.0274837464094162,0.0022625362034887075,-0.49148061871528625,0.8708855509757996
300,1650636177.6680226,-85.76270294189453,-100.24422454833984,1425.1314697265625,-0.4869588315486908,0.7700421214103699,0.4121967554092407,-0.6172724366188049,-0.6372972130775452,0.4613317549228668,0.6179367303848267,-0.029788117855787277,0.7856633067131042
4,1650636177.6680489,-221.90298461914062,-173.24217224121094,1478.95849609375,0.06143462285399437,0.8722596764564514,0.4851689338684082,-0.998110830783844,0.05331339314579964,0.03053666278719902,0.0007698983536101878,-0.4861283600330353,0.8738870620727539
300,1650636177.7005515,-85.75797271728516,-100.24957275390625,1425.124755859375,-0.4869340658187866,0.7700489163398743,0.4122133255004883,-0.6173383593559265,-0.6372851133346558,0.46126025915145874,0.6178904175758362,-0.02987176738679409,0.7856965661048889
4,1650636177.700579,-219.34695434570312,-173.07984924316406,1477.5595703125,0.07372408360242844,0.8781400918960571,0.47268879413604736,-0.9972606897354126,0.06776320934295654,0.029652778059244156,-0.005991616286337376,-0.47358009219169617,0.880730390548706
300,1650636177.7462997,-85.76289367675781,-100.27678680419922,1425.083251953125,-0.4869401752948761,0.7707135677337646,0.4109621047973633,-0.616972804069519,-0.6365565657615662,0.46275293827056885,0.6182506084442139,-0.02821946330368519,0.7854743003845215
4,1650636177.7463274,-216.1998748779297,-172.70947265625,1475.583740234375,0.09257172048091888,0.8812860250473022,0.4634278416633606,-0.9955539703369141,0.09005510807037354,0.027611277997493744,-0.017400609329342842,-0.46392345428466797,0.8857043981552124
300,1650636177.776189,-85.76067352294922,-100.25057220458984,1425.1368408203125,-0.48696088790893555,0.7703246474266052,0.4116661846637726,-0.617362380027771,-0.6369765400886536,0.4616541564464569,0.6178452968597412,-0.029339689761400223,0.7857521176338196
4,1650636177.7762156,-214.37071228027344,-172.4145050048828,1474.43505859375,0.10361749678850174,0.8823876976966858,0.4589720666408539,-0.9943380355834961,0.10283216834068298,0.026783708482980728,-0.023563480004668236,-0.459148645401001,0.8880468606948853
300,1650636177.8084261,-85.74417114257812,-100.26660919189453,1425.1400146484375,-0.4867458641529083,0.7702690958976746,0.41202425956726074,-0.617127001285553,-0.63703852891922,0.46188321709632874,0.6182497143745422,-0.029451550915837288,0.7854297757148743
4,1650636177.8084538,-212.2779083251953,-172.05734252929688,1473.1934814453125,0.1127873957157135,0.8863483667373657,0.4490719437599182,-0.9931147694587708,0.11495877057313919,0.02252938225865364,-0.03165587782859802,-0.4485210180282593,0.8932115435600281
300,1650636177.8539047,-85.73003387451172,-100.28401947021484,1425.1822509765625,-0.486693799495697,0.770502507686615,0.4116491675376892,-0.6171317100524902,-0.6367737054824829,0.4622420370578766,0.6182860136032104,-0.02907143346965313,0.7854153513908386
4,1650636177.8539336,-210.55860900878906,-171.87030029296875,1472.396728515625,0.12495928257703781,0.8848891258239746,0.4487275779247284,-0.9914562702178955,0.12842316925525665,0.02284548059105873,-0.03741130232810974,-0.4477485418319702,0.8933765292167664
300,1650636177.8836236,-85.73593139648438,-100.28687286376953,1425.175048828125,-0.4867008924484253,0.7706616520881653,0.4113427400588989,-0.6170240044593811,-0.6366002559661865,0.46262457966804504,0.6183879375457764,-0.028648536652326584,0.7853506803512573
4,1650636177.8836503,-209.4111328125,-171.75222778320312,1471.908447265625,0.13084018230438232,0.8863341808319092,0.4441762864589691,-0.9905752539634705,0.13518552482128143,0.022035153582692146,-0.04051569849252701,-0.44287312030792236,0.8956683874130249
300,1650636177.9196227,-85.73236846923828,-100.27749633789062,1425.1732177734375,-0.4866553843021393,0.770431399345398,0.41182756423950195,-0.6172945499420166,-0.636843740940094,0.4619280695915222,0.6181536912918091,-0.029419125989079475,0.785506546497345
4,1650636177.919652,-207.94732666015625,-171.6666717529297,1471.4600830078125,0.1367659717798233,0.8898068070411682,0.4353606700897217,-0.9897159934043884,0.14133815467357635,0.022041084244847298,-0.04192076250910759,-0.43389788269996643,0.8999862670898438
300,1650636177.966936,-85.7076416015625,-100.29950714111328,1425.208984375,-0.486606627702713,0.7707270383834839,0.41133174300193787,-0.6171653270721436,-0.636515200138092,0.46255308389663696,0.6183210611343384,-0.028778288513422012,0.785398542881012
4,1650636177.966962,-206.6366424560547,-171.72962951660156,1471.3363037109375,0.14437443017959595,0.8899728655815125,0.43255552649497986,-0.9886993765830994,0.14757493138313293,0.026367077603936195,-0.040368370711803436,-0.43147411942481995,0.9012216329574585
300,1650636177.9946072,-85.71715545654297,-100.29474639892578,1425.2183837890625,-0.4866347014904022,0.7708464860916138,0.4110746681690216,-0.6172448396682739,-0.6363786458969116,0.4626348614692688,0.6182195544242859,-0.028599552810192108,0.7854849696159363
4,1650636177.9946322,-206.24826049804688,-171.7755584716797,1471.3616943359375,0.14874109625816345,0.8883810043334961,0.434344619512558,-0.9880680441856384,0.15126967430114746,0.028965981677174568,-0.03997034206986427,-0.4334704875946045,0.9002808928489685
300,1650636178.0271406,-85.71910858154297,-100.29341125488281,1425.2176513671875,-0.4866943061351776,0.7706283330917358,0.41141295433044434,-0.617210865020752,-0.6366286277770996,0.4623361825942993,0.6182066202163696,-0.028912143781781197,0.785483717918396
4,1650636178.0271678,-205.4571533203125,-171.7013397216797,1471.1143798828125,0.15142017602920532,0.890224814414978,0.42961809039115906,-0.9875935316085815,0.15454338490962982,0.027846181765198708,-0.04160527139902115,-0.4285045266151428,0.9025812149047852
300,1650636178.072843,-85.70184326171875,-100.30852508544922,1425.1878662109375,-0.4866408407688141,0.7706212997436523,0.4114893078804016,-0.6171429753303528,-0.6366369128227234,0.4624154269695282,0.6183164715766907,-0.028917498886585236,0.7853970527648926
4,1650636178.0728714,-204.85726928710938,-171.62100219726562,1470.8486328125,0.1557246744632721,0.8890798687934875,0.4304494857788086,-0.9868361949920654,0.15927495062351227,0.028032515197992325,-0.04363667964935303,-0.42914849519729614,0.9021792411804199
300,1650636178.102203,-85.70406341552734,-100.3046875,1425.1812744140625,-0.4865249991416931,0.7704916596412659,0.41186898946762085,-0.6172823905944824,-0.6367697715759277,0.46204620599746704,0.6182684898376465,-0.02944243885576725,0.7854153513908386
4,1650636178.1022286,-204.31898498535156,-171.4649200439453,1470.4053955078125,0.1587713211774826,0.889634907245636,0.4281838834285736,-0.9862833619117737,0.16273756325244904,0.02759680524468422,-0.045130521059036255,-0.4266922175884247,0.9032701849937439
300,1650636178.1383796,-85.69791412353516,-100.28740692138672,1425.136962890625,-0.4865352213382721,0.7705025672912598,0.4118364155292511,-0.617250382900238,-0.6367595791816711,0.462103009223938,0.6182923316955566,-0.02937679924070835,0.7853989601135254
4,1650636178.1384068,-203.8112335205078,-171.2039337158203,1469.8145751953125,0.16101112961769104,0.890392541885376,0.42576587200164795,-0.9857282638549805,0.16655941307544708,0.024449948221445084,-0.04914526268839836,-0.4236261546611786,0.9045029878616333
300,1650636178.1838655,-85.69358825683594,-100.3047103881836,1425.169677734375,-0.48646947741508484,0.7704699635505676,0.41197511553764343,-0.6172965168952942,-0.6367904543876648,0.4619988203048706,0.6182980537414551,-0.02956247329711914,0.7853875160217285
4,1650636178.1838927,-203.49119567871094,-170.95997619628906,1469.250732421875,0.1638554185628891,0.8892346620559692,0.42709851264953613,-0.9850497245788574,0.17082858085632324,0.02224084921181202,-0.05318330228328705,-0.4243575632572174,0.9039314985275269
300,1650636178.2100744,-85.68193054199219,-100.31771087646484,1425.16943359375,-0.4864814281463623,0.7705738544464111,0.41176658868789673,-0.6171886920928955,-0.6366796493530273,0.4622955322265625,0.6183962225914001,-0.02923949435353279,0.7853223085403442
4,1650636178.210114,-203.24220275878906,-170.903076171875,1469.1346435546875,0.16527879238128662,0.8886694312095642,0.4277260899543762,-0.9847008585929871,0.17296701669692993,0.021134229376912117,-0.05520116165280342,-0.42467525601387024,0.90366131067276
300,1650636178.2459087,-85.67546081542969,-100.3084945678711,1425.192138671875,-0.48644691705703735,0.770485520362854,0.41197264194488525,-0.6173040270805359,-0.6367714405059814,0.4620150327682495,0.6183083057403564,-0.029566578567028046,0.7853792905807495
4,1650636178.245936,-202.72727966308594,-170.8828582763672,1469.0489501953125,0.16853533685207367,0.8885535597801208,0.42669475078582764,-0.984100341796875,0.1762983649969101,0.02157311514019966,-0.05605671554803848,-0.4235462546348572,0.9041383862495422
300,1650636178.291717,-85.68330383300781,-100.31637573242188,1425.2025146484375,-0.4863060712814331,0.7705300450325012,0.4120556712150574,-0.6172216534614563,-0.6367179155349731,0.46219873428344727,0.6185012459754944,-0.029559632763266563,0.7852276563644409
4,1650636178.2917454,-201.82644653320312,-170.78639221191406,1468.7890625,0.17324687540531158,0.8896364569664001,0.4225311279296875,-0.9832844138145447,0.1806386113166809,0.022834457457065582,-0.05601106956601143,-0.41942426562309265,0.9060607552528381
300,1650636178.3374214,-85.67430114746094,-100.31282043457031,1425.1629638671875,-0.4864985942840576,0.7707329988479614,0.4114483594894409,-0.6172523498535156,-0.6364988088607788,0.4624595642089844,0.6183192133903503,-0.0289815254509449,0.7853925228118896
4,1650636178.337449,-201.36239624023438,-170.64886474609375,1468.4287109375,0.1754157990217209,0.8895472288131714,0.42182350158691406,-0.9828030467033386,0.1833309382200241,0.02208898402750492,-0.05768410861492157,-0.4184441864490509,0.9064088463783264
300,1650636178.3673484,-85.67320251464844,-100.3065185546875,1425.17431640625,-0.486401230096817,0.7704249620437622,0.4121398627758026,-0.6173415184020996,-0.6368350982666016,0.46187713742256165,0.6183068156242371,-0.029773442074656487,0.7853726744651794
4,1650636178.3673744,-201.43338012695312,-170.58824157714844,1468.3184814453125,0.17518210411071777,0.8892712593078613,0.4225018620491028,-0.9827671051025391,0.18366046249866486,0.020921170711517334,-0.05899228900671005,-0.4188859164714813,0.9061205983161926
300,1650636178.4029016,-85.66085815429688,-100.2993392944336,1425.1923828125,-0.4865497648715973,0.7702727317810059,0.41224902868270874,-0.6176629066467285,-0.6369979977607727,0.4612223505973816,0.6178688406944275,-0.030223296955227852,0.7857001423835754
4,1650636178.402929,-201.8328399658203,-170.5719451904297,1468.2735595703125,0.1732501983642578,0.8886651992797852,0.4245685935020447,-0.9831119775772095,0.18184825778007507,0.020543517544865608,-0.0589507520198822,-0.42095765471458435,0.9051626920700073
300,1650636178.448438,-85.67894744873047,-100.32244110107422,1425.1962890625,-0.48639678955078125,0.7706648707389832,0.41169625520706177,-0.6172107458114624,-0.6365719437599182,0.462414413690567,0.6184408068656921,-0.029186472296714783,0.7852891683578491
4,1650636178.4484658,-202.3690948486328,-170.5612030029297,1468.2958984375,0.16937164962291718,0.8894095420837402,0.42457494139671326,-0.9837688207626343,0.1784771978855133,0.01856735721230507,-0.0592629611492157,-0.4208284020423889,0.9052023887634277
300,1650636178.4800494,-85.68437957763672,-100.32550811767578,1425.1978759765625,-0.4864102900028229,0.7706933617591858,0.4116269648075104,-0.6172566413879395,-0.6365384459495544,0.4623992145061493,0.6183844208717346,-0.02916375733911991,0.7853344678878784
4,1650636178.4800756,-202.97059631347656,-170.58311462402344,1468.367431640625,0.16606691479682922,0.8879683017730713,0.4288753271102905,-0.9842807054519653,0.1757713407278061,0.01720101200044155,-0.06011003255844116,-0.4249902367591858,0.9031999111175537
300,1650636178.510444,-85.68268585205078,-100.31442260742188,1425.2081298828125,-0.4864181876182556,0.7704786658287048,0.41201940178871155,-0.6174655556678772,-0.6367698311805725,0.46180129051208496,0.6181695461273193,-0.029779255390167236,0.7854804992675781
4,1650636178.5104716,-203.2825164794922,-170.59849548339844,1468.3692626953125,0.16346630454063416,0.8893967866897583,0.4269099831581116,-0.9847312569618225,0.1733531653881073,0.01590648479759693,-0.0598590187728405,-0.4229917824268341,0.9041542410850525
300,1650636178.5580747,-85.67150115966797,-100.31438446044922,1425.1688232421875,-0.4864368736743927,0.7705389261245728,0.4118846654891968,-0.6173579096794128,-0.6367084383964539,0.4620297849178314,0.6182623505592346,-0.029531940817832947,0.7854167819023132
4,1650636178.558101,-203.64903259277344,-170.7020263671875,1468.50048828125,0.16091404855251312,0.8902056813240051,0.42619308829307556,-0.9852554798126221,0.1703161597251892,0.016248594969511032,-0.05812297761440277,-0.42252370715141296,0.9044862985610962
300,1650636178.5858111,-85.66940307617188,-100.32608032226562,1425.1785888671875,-0.4863227307796478,0.7705255746841431,0.41204434633255005,-0.6171985268592834,-0.6367248892784119,0.46222004294395447,0.6185112595558167,-0.02952505461871624,0.7852210402488708
4,1650636178.5858378,-203.71755981445312,-170.75949096679688,1468.6019287109375,0.16036733984947205,0.8907912373542786,0.42517444491386414,-0.9853807687759399,0.16957686841487885,0.016382209956645966,-0.05750662460923195,-0.42158591747283936,0.9049631357192993
300,1650636178.621643,-85.66856384277344,-100.32093811035156,1425.206787109375,-0.48624566197395325,0.7702520489692688,0.41264626383781433,-0.6175323128700256,-0.6370108723640442,0.4613794684410095,0.618238627910614,-0.030478622764348984,0.785399317741394
4,1650636178.6216712,-203.41908264160156,-170.76914978027344,1468.475341796875,0.16053035855293274,0.8925318717956543,0.42144617438316345,-0.9853903651237488,0.16952766478061676,0.016315769404172897,-0.056884437799453735,-0.4179081618785858,0.9067066311836243
300,1650636178.6671326,-85.65705108642578,-100.35090637207031,1425.16162109375,-0.48627689480781555,0.7708954215049744,0.41140609979629517,-0.6172980070114136,-0.6363023519515991,0.46266889572143555,0.61844801902771,-0.028974954038858414,0.7852913737297058
4,1650636178.6671607,-202.88941955566406,-170.7599639892578,1468.259033203125,0.1620531678199768,0.8946280479431152,0.41638851165771484,-0.9851034879684448,0.17127083241939545,0.01540737971663475,-0.05753133445978165,-0.4126826226711273,0.9090562462806702
300,1650636178.6966584,-85.62271881103516,-100.35554504394531,1425.14892578125,-0.4862602651119232,0.7706936001777649,0.4118037223815918,-0.6175526976585388,-0.6365160942077637,0.46203455328941345,0.618206799030304,-0.029641447588801384,0.7854564189910889
4,1650636178.6966844,-202.2858123779297,-170.74737548828125,1467.950927734375,0.16387483477592468,0.8965089321136475,0.4116027057170868,-0.9848151206970215,0.17291603982448578,0.015465520322322845,-0.05730773136019707,-0.40788698196411133,0.9112321734428406
300,1650636178.729147,-85.60811614990234,-100.38032531738281,1425.1917724609375,-0.48620787262916565,0.7708076238632202,0.41165217757225037,-0.617659866809845,-0.6363801956176758,0.4620785117149353,0.6181409358978271,-0.029594823718070984,0.7855100035667419
4,1650636178.729174,-201.08267211914062,-170.72959899902344,1467.72021484375,0.16601493954658508,0.9030822515487671,0.39608269929885864,-0.9844005107879639,0.17550073564052582,0.012455970980226994,-0.05826403945684433,-0.3919718861579895,0.9181303381919861
300,1650636178.7768857,-85.56615447998047,-100.3927993774414,1425.132080078125,-0.4859369397163391,0.7708026170730591,0.41198134422302246,-0.6176340579986572,-0.636372447013855,0.46212366223335266,0.6183797121047974,-0.0298907570540905,0.7853108048439026
4,1650636178.7769113,-199.63002014160156,-170.76913452148438,1467.32568359375,0.16904710233211517,0.9095246195793152,0.3797210156917572,-0.9840183258056641,0.1776185780763626,0.01263287290930748,-0.05595559999346733,-0.37578797340393066,0.9250147938728333
300,1650636178.820779,-85.5667953491211,-100.39790344238281,1425.259521484375,-0.4859689176082611,0.770283043384552,0.41291433572769165,-0.6181530356407166,-0.6369296908378601,0.4606597423553467,0.6178358197212219,-0.031377941370010376,0.7856808304786682
4,1650636178.8208053,-198.90841674804688,-170.7262420654297,1467.141357421875,0.17331776022911072,0.9105184674263,0.3753892481327057,-0.9831940531730652,0.18216177821159363,0.01210301648825407,-0.05736155062913895,-0.37117815017700195,0.9267882108688354
300,1650636178.88618,-85.57295227050781,-100.43376159667969,1425.2054443359375,-0.4858059585094452,0.7709833383560181,0.41179755330085754,-0.6174353957176208,-0.6361719965934753,0.4626648426055908,0.6186809539794922,-0.02949303202331066,0.7850885391235352
4,1650636178.8862076,-197.38311767578125,-170.64306640625,1465.81494140625,0.18688206374645233,0.9070336222648621,0.37731295824050903,-0.9800741076469421,0.1984565705060959,0.008352422155439854,-0.06730430573225021,-0.3713555634021759,0.9260481595993042
300,1650636178.9272325,-85.54961395263672,-100.42657470703125,1425.2586669921875,-0.48583680391311646,0.7707353830337524,0.4122251272201538,-0.6179871559143066,-0.6364250779151917,0.4615788459777832,0.6181055307388306,-0.03049784153699875,0.7855032682418823
4,1650636178.9272592,-196.4725799560547,-170.50332641601562,1464.8004150390625,0.19775007665157318,0.9013686180114746,0.3852654695510864,-0.9774718284606934,0.21090318262577057,0.008289377205073833,-0.07378192991018295,-0.3782253563404083,0.9227685332298279
300,1650636178.9557686,-85.54400634765625,-100.44343566894531,1425.220458984375,-0.4857005178928375,0.7710374593734741,0.4118206202983856,-0.6174722909927368,-0.6361038088798523,0.46270933747291565,0.618726909160614,-0.029549643397331238,0.7850502133369446
4,1650636178.9557936,-195.30885314941406,-170.16729736328125,1464.075927734375,0.2041492462158203,0.9027073979377747,0.3787379562854767,-0.9758338332176208,0.21844884753227234,0.00533439451828599,-0.07791947573423386,-0.3706743121147156,0.9254885911941528
300,1650636178.9892817,-85.55403137207031,-100.4264144897461,1425.249755859375,-0.48571595549583435,0.7708317637443542,0.4121873378753662,-0.6177061200141907,-0.6363242268562317,0.4620937407016754,0.6184812784194946,-0.030164342373609543,0.7852203249931335
4,1650636178.9893222,-193.92320251464844,-169.7034454345703,1463.050048828125,0.20902232825756073,0.9068042039871216,0.36608174443244934,-0.9745045900344849,0.22436673939228058,0.0006460450822487473,-0.081550732254982,-0.35688337683677673,0.9305824637413025
300,1650636179.0155454,-85.56031799316406,-100.43415832519531,1425.2156982421875,-0.48559388518333435,0.7709710597991943,0.41207069158554077,-0.617572546005249,-0.6361678242683411,0.46248748898506165,0.6187105774879456,-0.029902448877692223,0.7850497364997864
4,1650636179.015573,-193.75360107421875,-169.48248291015625,1462.475830078125,0.21100926399230957,0.9055489301681519,0.3680437505245209,-0.9738339185714722,0.22725927829742432,-0.0008325426606461406,-0.08439525961875916,-0.3582378029823303,0.9298080801963806
300,1650636179.0511382,-85.53911590576172,-100.44496154785156,1425.2239990234375,-0.48575109243392944,0.7711927890777588,0.4114700257778168,-0.6177191138267517,-0.6359201669692993,0.46263229846954346,0.6184407472610474,-0.0294487364590168,0.7852794528007507
4,1650636179.0511653,-193.68646240234375,-169.20811462402344,1461.7822265625,0.20985214412212372,0.9069637656211853,0.3652106821537018,-0.9735794067382812,0.22822993993759155,-0.007361631840467453,-0.09002874046564102,-0.3540167510509491,0.9308958053588867
300,1650636179.0966218,-85.52303314208984,-100.44059753417969,1425.1922607421875,-0.4857892394065857,0.7710351347923279,0.4117203652858734,-0.617752194404602,-0.63609778881073,0.46234384179115295,0.6183777451515198,-0.029739484190940857,0.7853180766105652
4,1650636179.0966494,-194.07603454589844,-169.08688354492188,1461.3192138671875,0.20598243176937103,0.9089084267616272,0.362569659948349,-0.9742063283920288,0.2253662347793579,-0.011495424434542656,-0.09215924888849258,-0.35084977746009827,0.9318857789039612
300,1650636179.1229484,-85.53889465332031,-100.43395233154297,1425.1815185546875,-0.485638827085495,0.7708585262298584,0.41222813725471497,-0.6177845001220703,-0.6362861394882202,0.462041437625885,0.6184636354446411,-0.030282871797680855,0.7852296829223633
4,1650636179.1229742,-194.4351806640625,-169.19386291503906,1461.22265625,0.20404446125030518,0.9094014763832092,0.36242908239364624,-0.9745844006538391,0.2236691266298294,-0.012544508092105389,-0.09247219562530518,-0.3506580889225006,0.9319269061088562
300,1650636179.158415,-85.52931213378906,-100.44734954833984,1425.135009765625,-0.4857158064842224,0.7713607549667358,0.4111967384815216,-0.6175082921981812,-0.635739266872406,0.46316206455230713,0.6186789274215698,-0.02895227260887623,0.7851102948188782
4,1650636179.1584423,-194.8568572998047,-169.40240478515625,1461.1746826171875,0.20063281059265137,0.9113523960113525,0.3594208061695099,-0.9752835035324097,0.22047296166419983,-0.014619842171669006,-0.09256640076637268,-0.347603976726532,0.9330610632896423
300,1650636179.204218,-85.5176010131836,-100.44036102294922,1425.21240234375,-0.48561200499534607,0.7707337737083435,0.412492960691452,-0.6179105043411255,-0.6364181637763977,0.46169090270996094,0.6183587908744812,-0.030681103467941284,0.7852967977523804
4,1650636179.2042449,-195.973388671875,-169.8135986328125,1461.543701171875,0.1953456699848175,0.9111194014549255,0.3629070520401001,-0.9765269756317139,0.21494053304195404,-0.013987531885504723,-0.09074775129556656,-0.35165613889694214,0.9317203760147095
300,1650636179.2308006,-85.52588653564453,-100.44371795654297,1425.2099609375,-0.4855784773826599,0.7710321545600891,0.4119744598865509,-0.6177210211753845,-0.6360912322998047,0.46239450573921204,0.6185743808746338,-0.029956471174955368,0.7851549983024597
4,1650636179.230828,-196.54722595214844,-170.04852294921875,1461.745361328125,0.1920175850391388,0.9118995666503906,0.36272361874580383,-0.9772877097129822,0.2114395797252655,-0.014212545938789845,-0.08965454250574112,-0.3517562747001648,0.9317883849143982
300,1650636179.271429,-85.52945709228516,-100.45574951171875,1425.2396240234375,-0.4856085479259491,0.7708719372749329,0.4122387170791626,-0.6178377866744995,-0.636266827583313,0.46199676394462585,0.6184341907501221,-0.030347073450684547,0.7852504253387451
4,1650636179.2714539,-197.42446899414062,-170.30233764648438,1462.1060791015625,0.18525929749011993,0.914671778678894,0.3592416048049927,-0.9788481593132019,0.20405486226081848,-0.014760257676243782,-0.0868057906627655,-0.34890851378440857,0.9331278800964355
300,1650636179.3152542,-85.52375793457031,-100.45264434814453,1425.2745361328125,-0.4858187437057495,0.7711240649223328,0.411518931388855,-0.6179789304733276,-0.6359885931015015,0.46219098567962646,0.6181279420852661,-0.029768992215394974,0.7855136394500732
4,1650636179.3152816,-199.08856201171875,-170.63914489746094,1462.7003173828125,0.17792564630508423,0.9128228425979614,0.36755529046058655,-0.9803913831710815,0.1965876668691635,-0.013638613745570183,-0.08470647037029266,-0.3579213619232178,0.929901659488678
300,1650636179.3767207,-85.52845001220703,-100.46735382080078,1425.2462158203125,-0.4856625497341156,0.7713202238082886,0.41133561730384827,-0.61771559715271,-0.6357722282409668,0.4628402590751648,0.618513822555542,-0.029304243624210358,0.7852272987365723
4,1650636179.376748,-200.82183837890625,-171.0303955078125,1463.220947265625,0.1698744297027588,0.9101920127868652,0.377747505903244,-0.9818873405456543,0.1889653503894806,-0.013758397661149502,-0.0839039757847786,-0.3685683310031891,0.9258064031600952
300,1650636179.4063723,-85.53256225585938,-100.46672821044922,1425.2774658203125,-0.4855770468711853,0.77081298828125,0.412386029958725,-0.6178677082061768,-0.6363296508789062,0.4618701636791229,0.6184290051460266,-0.030526472255587578,0.7852475643157959
4,1650636179.4063988,-201.19107055664062,-171.30799865722656,1463.49609375,0.16846369206905365,0.9093968272209167,0.38028591871261597,-0.9821425676345825,0.18764303624629974,-0.013638695701956749,-0.08376099169254303,-0.371197372674942,0.9247683882713318
300,1650636179.4377944,-85.5274887084961,-100.46041870117188,1425.2777099609375,-0.48568981885910034,0.7710400223731995,0.4118284583091736,-0.617924153804779,-0.6360785961151123,0.46214038133621216,0.6182839870452881,-0.030021896585822105,0.7853811979293823
4,1650636179.4378228,-201.43568420410156,-171.5409393310547,1463.786865234375,0.16775250434875488,0.9086416959762573,0.3823994994163513,-0.982277512550354,0.18695762753486633,-0.013331547379493713,-0.08360610157251358,-0.37338605523109436,0.9239009022712708
300,1650636179.4832044,-85.52491760253906,-100.4598159790039,1425.2564697265625,-0.4856496751308441,0.7711319923400879,0.41170361638069153,-0.6178548336029053,-0.6359765529632568,0.4623735249042511,0.618384838104248,-0.02982151135802269,0.7853094339370728
4,1650636179.483233,-201.4295196533203,-171.58731079101562,1463.8580322265625,0.16618435084819794,0.9100212454795837,0.37979477643966675,-0.9826144576072693,0.18515275418758392,-0.013685822486877441,-0.08277443796396255,-0.3709174692630768,0.9249695539474487
300,1650636179.528773,-85.51141357421875,-100.45309448242188,1425.2967529296875,-0.4856894314289093,0.770709753036499,0.41244667768478394,-0.6182124018669128,-0.6364343166351318,0.46126434206962585,0.6179961562156677,-0.030948428437113762,0.7855717539787292
4,1650636179.5288007,-201.56248474121094,-171.8343048095703,1464.122802734375,0.1661304384469986,0.9091687202453613,0.3818546235561371,-0.9827582836151123,0.18452009558677673,-0.011768450029194355,-0.08115936070680618,-0.373315691947937,0.9241474866867065
300,1650636179.5904305,-85.51272583007812,-100.45962524414062,1425.2523193359375,-0.4855954349040985,0.7709262371063232,0.4121526777744293,-0.6179097294807434,-0.6362017393112183,0.4619901478290558,0.6183725595474243,-0.03033285215497017,0.7852994799613953
4,1650636179.5904582,-201.40362548828125,-171.98342895507812,1464.2515869140625,0.1653023213148117,0.9117929339408875,0.37591060996055603,-0.98300701379776,0.18317323923110962,-0.012031380087137222,-0.07982689142227173,-0.36753395199775696,0.9265778064727783
300,1650636179.6200497,-85.51350402832031,-100.45811462402344,1425.2734375,-0.4856923818588257,0.7709153294563293,0.4120588004589081,-0.6181542873382568,-0.6362072825431824,0.46165525913238525,0.6180519461631775,-0.03049348294734955,0.7855456471443176
4,1650636179.6200757,-201.50669860839844,-172.04994201660156,1464.29638671875,0.16435249149799347,0.9119306802749634,0.37599292397499084,-0.9833155274391174,0.18159769475460052,-0.010622960515320301,-0.0779668539762497,-0.36797377467155457,0.9265616536140442
300,1650636179.6788325,-85.50345611572266,-100.46719360351562,1425.285400390625,-0.4855511486530304,0.7711522579193115,0.41178181767463684,-0.6180180907249451,-0.6359404921531677,0.46220484375953674,0.6182990670204163,-0.030064519494771957,0.7853676676750183
4,1650636179.6788568,-201.56805419921875,-172.2801971435547,1464.599853515625,0.16329017281532288,0.9117022156715393,0.3770084083080292,-0.9835271835327148,0.18046025931835175,-0.010412773117423058,-0.07752837985754013,-0.3690977096557617,0.9261512756347656
300,1650636179.7225869,-85.50152587890625,-100.48448944091797,1425.2789306640625,-0.4855140745639801,0.7711893916130066,0.4117560386657715,-0.617786169052124,-0.6359080076217651,0.46255946159362793,0.6185598969459534,-0.029798049479722977,0.7851724028587341
4,1650636179.7226136,-201.29983520507812,-172.3834228515625,1464.822998046875,0.16299080848693848,0.9133259057998657,0.37318873405456543,-0.9838396906852722,0.17886990308761597,-0.00806477852165699,-0.0741180032491684,-0.36584338545799255,0.9277203679084778
300,1650636179.788308,-85.49774169921875,-100.48271942138672,1425.29443359375,-0.4855414032936096,0.7712253928184509,0.41165637969970703,-0.6178984642028809,-0.6358636617660522,0.4624703824520111,0.6184262633323669,-0.029813328757882118,0.7852771282196045
4,1650636179.7883356,-201.7274627685547,-172.64935302734375,1465.8314208984375,0.16147184371948242,0.9127867221832275,0.37516289949417114,-0.9845564961433411,0.17505398392677307,-0.0021558799780905247,-0.06764162331819534,-0.369020938873291,0.9269564151763916
300,1650636179.829527,-85.48950958251953,-100.4918212890625,1425.3282470703125,-0.4854767918586731,0.7709272503852844,0.4122905135154724,-0.6181827783584595,-0.636180579662323,0.4616538882255554,0.6181927919387817,-0.030748646706342697,0.7854248881340027
4,1650636179.8295543,-202.04212951660156,-172.82571411132812,1466.46875,0.15906032919883728,0.9134385585784912,0.3746061623096466,-0.9853031039237976,0.17080481350421906,0.001876415335573256,-0.062270548194646835,-0.3693990707397461,0.927182137966156
300,1650636179.857648,-85.49461364746094,-100.4973373413086,1425.338623046875,-0.4854086637496948,0.7710319757461548,0.41217485070228577,-0.6180923581123352,-0.6360639333724976,0.4619356095790863,0.6183366775512695,-0.03053458221256733,0.7853199243545532
4,1650636179.857673,-202.45846557617188,-172.8992156982422,1466.9478759765625,0.1569308191537857,0.9127165079116821,0.3772549629211426,-0.9857692122459412,0.16806912422180176,0.003440926317125559,-0.06026431918144226,-0.372426301240921,0.9261030554771423
300,1650636179.8917456,-85.49147033691406,-100.50260162353516,1425.3133544921875,-0.48538511991500854,0.7711893320083618,0.4119080901145935,-0.6179264783859253,-0.635894238948822,0.4623908996582031,0.6185209155082703,-0.030091239139437675,0.7851919531822205
4,1650636179.8917754,-202.94496154785156,-173.00619506835938,1467.3726806640625,0.15475822985172272,0.9118443131446838,0.3802497386932373,-0.9862650036811829,0.16507777571678162,0.0055421446450054646,-0.057717207819223404,-0.3758847117424011,0.9248672127723694
300,1650636179.9375522,-85.48971557617188,-100.50481414794922,1425.310791015625,-0.4854162037372589,0.7713092565536499,0.41164684295654297,-0.6178757548332214,-0.6357637047767639,0.46263816952705383,0.618547260761261,-0.029774539172649384,0.785183310508728
4,1650636179.9375803,-203.1885528564453,-173.07394409179688,1467.63134765625,0.1526995301246643,0.9119970798492432,0.3807152807712555,-0.9866489171981812,0.16275659203529358,0.0058502680622041225,-0.05662849545478821,-0.3765256702899933,0.9246737957000732
300,1650636179.9669816,-85.49065399169922,-100.49239349365234,1425.346923828125,-0.48543721437454224,0.7708548903465271,0.41247236728668213,-0.6182043552398682,-0.6362582445144653,0.46151795983314514,0.6182023286819458,-0.030954204499721527,0.7854092717170715
4,1650636179.9670088,-203.40936279296875,-173.0870819091797,1467.802734375,0.1520431637763977,0.9112216234207153,0.3828290104866028,-0.986775815486908,0.16196489334106445,0.006390890572220087,-0.05618134140968323,-0.3787381052970886,0.9237971305847168
300,1650636180.0029044,-85.50166320800781,-100.49198913574219,1425.32177734375,-0.48537832498550415,0.7709006667137146,0.41245609521865845,-0.6180639863014221,-0.6362107396125793,0.4617713689804077,0.618388831615448,-0.03079044818878174,0.7852688431739807
4,1650636180.0029333,-203.56739807128906,-173.10452270507812,1467.9010009765625,0.15097792446613312,0.9119073152542114,0.38161587715148926,-0.9870312213897705,0.16036252677440643,0.007295710034668446,-0.0545438751578331,-0.37776827812194824,0.9242922067642212
300,1650636180.0483146,-85.4971923828125,-100.50464630126953,1425.31591796875,-0.48534661531448364,0.7713243365287781,0.41170060634613037,-0.6180057525634766,-0.6357367038726807,0.462501585483551,0.6184719204902649,-0.02995976246893406,0.785235583782196
4,1650636180.0483422,-203.9280242919922,-173.2287139892578,1468.2694091796875,0.14868883788585663,0.9108909964561462,0.3849276006221771,-0.987389326095581,0.15814872086048126,0.007163758855313063,-0.05435040593147278,-0.3811385929584503,0.922918975353241
300,1650636180.0927088,-85.47752380371094,-100.49851989746094,1425.3411865234375,-0.4854114055633545,0.7708767056465149,0.41246193647384644,-0.6181411147117615,-0.6362355947494507,0.46163392066955566,0.6182857751846313,-0.030877305194735527,0.7853465676307678
4,1650636180.0927362,-204.3236846923828,-173.4107208251953,1468.749267578125,0.14678062498569489,0.9107227921485901,0.3860562741756439,-0.9878277778625488,0.15527449548244476,0.009278328157961369,-0.05149471014738083,-0.3827190101146698,0.922428548336029
300,1650636180.124026,-85.4895248413086,-100.5008316040039,1425.3314208984375,-0.485402375459671,0.7712565064430237,0.4117620289325714,-0.6179364919662476,-0.6358193159103394,0.4624805748462677,0.618497371673584,-0.029953623190522194,0.7852157354354858
4,1650636180.1240523,-204.66964721679688,-173.5579071044922,1469.0159912109375,0.14545923471450806,0.9101722240447998,0.38785064220428467,-0.9881136417388916,0.15335161983966827,0.010709976777434349,-0.0497296005487442,-0.3847983777523041,0.9216600060462952
300,1650636180.188675,-85.49162292480469,-100.49842071533203,1425.32666015625,-0.48530134558677673,0.7710889577865601,0.4121946692466736,-0.6181405186653137,-0.6359917521476746,0.4619705080986023,0.6183727383613586,-0.030599333345890045,0.7852889895439148
4,1650636180.1887012,-205.816650390625,-173.683349609375,1469.4075927734375,0.14040887355804443,0.9084323048591614,0.39374616742134094,-0.988906979560852,0.1481384038925171,0.010863816365599632,-0.048459891229867935,-0.3909037113189697,0.9191550016403198
300,1650636180.2163687,-85.4782943725586,-100.49795532226562,1425.2725830078125,-0.485223650932312,0.7708924412727356,0.4126534163951874,-0.6180853247642517,-0.6362102031707764,0.4617435038089752,0.6184889078140259,-0.03100617602467537,0.7851815819740295
4,1650636180.2163956,-206.1064453125,-173.68658447265625,1469.3985595703125,0.1389896720647812,0.9081957936286926,0.39479395747184753,-0.9890837669372559,0.14701353013515472,0.010018768720328808,-0.048941053450107574,-0.39187678694725037,0.9187150597572327
300,1650636180.2541163,-85.49195098876953,-100.50016021728516,1425.262451171875,-0.48509716987609863,0.7711038589477539,0.4124070107936859,-0.617936372756958,-0.6359738111495972,0.46226829290390015,0.6187369227409363,-0.03059624508023262,0.7850022315979004
4,1650636180.254143,-206.24307250976562,-173.64852905273438,1469.3870849609375,0.1374347060918808,0.9082167148590088,0.39528989791870117,-0.9892270565032959,0.14616474509239197,0.008107662200927734,-0.05041393265128136,-0.39214572310447693,0.9185206294059753
300,1650636180.297899,-85.48513793945312,-100.49462890625,1425.28857421875,-0.485331654548645,0.7708625197410583,0.4125823676586151,-0.618333637714386,-0.6362373232841492,0.46137359738349915,0.6181558966636658,-0.031194346025586128,0.7854363322257996
4,1650636180.2979271,-205.8887481689453,-173.69436645507812,1469.324951171875,0.1385878026485443,0.9092711806297302,0.39245298504829407,-0.9889726638793945,0.1479581892490387,0.006434995215386152,-0.05221547558903694,-0.3890170753002167,0.9197495579719543
300,1650636180.324199,-85.4635009765625,-100.49777221679688,1425.2628173828125,-0.4851812422275543,0.7710416316986084,0.4124244451522827,-0.6182159185409546,-0.6360343098640442,0.4618110656738281,0.6183916926383972,-0.030905282124876976,0.7852621078491211
4,1650636180.3242252,-205.1942138671875,-173.63426208496094,1469.0625,0.13918527960777283,0.9121479392051697,0.3855043053627014,-0.9889084696769714,0.14840957522392273,0.005888421554118395,-0.05184141919016838,-0.3820480406284332,0.9226872324943542
300,1650636180.3601928,-85.45560455322266,-100.5030517578125,1425.2926025390625,-0.48508602380752563,0.7708126306533813,0.41296419501304626,-0.6182680726051331,-0.6362824440002441,0.46139925718307495,0.6184142231941223,-0.031504228711128235,0.7852205634117126
4,1650636180.3602214,-204.1065673828125,-173.4086456298828,1468.69384765625,0.14018063247203827,0.9184485673904419,0.3698670268058777,-0.9887465834617615,0.14956261217594147,0.003345961682498455,-0.05224518105387688,-0.36617380380630493,0.9290786981582642
300,1650636180.4059472,-85.46846008300781,-100.51405334472656,1425.240234375,-0.48499858379364014,0.7708051800727844,0.41308078169822693,-0.6181549429893494,-0.6362915635108948,0.4615382254123688,0.6185958981513977,-0.03150252252817154,0.7850775122642517
4,1650636180.4059746,-203.4839324951172,-173.43931579589844,1468.783935546875,0.13937416672706604,0.9237258434295654,0.3567988872528076,-0.9890502095222473,0.1475125402212143,0.004447601735591888,-0.04852394387125969,-0.35351186990737915,0.934170663356781
300,1650636180.4364276,-85.46764373779297,-100.50835418701172,1425.2017822265625,-0.4853370785713196,0.7710270285606384,0.41226842999458313,-0.618219792842865,-0.6360592246055603,0.46177154779434204,0.6182655096054077,-0.030757643282413483,0.7853672504425049
4,1650636180.4364548,-203.7428436279297,-173.48031616210938,1469.038818359375,0.13566064834594727,0.925589382648468,0.3533842861652374,-0.9897393584251404,0.14275683462619781,0.006040090695023537,-0.04485737904906273,-0.3505777418613434,0.9354587197303772
300,1650636180.4729948,-85.4715805053711,-100.48555755615234,1425.2333984375,-0.4856196343898773,0.7708745002746582,0.41222089529037476,-0.6188119649887085,-0.6362159848213196,0.46076133847236633,0.6174507141113281,-0.03133245185017586,0.7859852910041809
4,1650636180.4730206,-204.47181701660156,-173.538330078125,1469.503662109375,0.13048456609249115,0.9260179400444031,0.354209840297699,-0.9905135631561279,0.1372850090265274,0.005980506539344788,-0.043089643120765686,-0.35163000226020813,0.9351468682289124
300,1650636180.51696,-85.48875427246094,-100.48926544189453,1425.2857666015625,-0.4854624271392822,0.7704991698265076,0.41310688853263855,-0.6189107298851013,-0.6366206407546997,0.4600692093372345,0.6174753308296204,-0.0323299802839756,0.785925567150116
4,1650636180.5169866,-205.89666748046875,-173.4886474609375,1469.534912109375,0.12314275652170181,0.924863874912262,0.35980919003486633,-0.9913784861564636,0.13100436329841614,0.002556592458859086,-0.04477206990122795,-0.35702189803123474,0.9330224394798279
300,1650636180.5431364,-85.48239135742188,-100.49193572998047,1425.255859375,-0.48581498861312866,0.7711937427520752,0.4113927483558655,-0.6189514994621277,-0.6358626484870911,0.4610615372657776,0.6171570420265198,-0.030641548335552216,0.7862431406974792
4,1650636180.543163,-206.86700439453125,-173.310546875,1469.4156494140625,0.11808372288942337,0.9233352541923523,0.36538776755332947,-0.9918673038482666,0.12727178633213043,-0.0010705026797950268,-0.04749198630452156,-0.36228975653648376,0.9308547973632812
