300,1650637458.8319483,-53.67722702026367,-188.67828369140625,1539.9766845703125,-0.05867866799235344,0.7935300469398499,0.605695366859436,-0.6942358613014221,-0.4684353768825531,0.5464475154876709,0.7173516750335693,-0.3884306252002716,0.5783841609954834
4,1650637458.831977,-116.51921844482422,-214.29693603515625,1523.8253173828125,-0.09109912067651749,0.7183075547218323,-0.6897355914115906,-0.6847203969955444,-0.5480956435203552,-0.48036354780197144,-0.723089873790741,0.42851531505584717,0.541770875453949
300,1650637458.8713548,-53.66734313964844,-188.70040893554688,1539.979248046875,-0.05884671211242676,0.7941288948059082,0.604893684387207,-0.6935675144195557,-0.46833762526512146,0.5473792552947998,0.717984139919281,-0.38732314109802246,0.578342080116272
4,1650637458.8713827,-113.78365325927734,-215.54196166992188,1525.189453125,-0.06937532126903534,0.7245453596115112,-0.6857267022132874,-0.6954368948936462,-0.5279501676559448,-0.48747944831848145,-0.7152304649353027,0.44306057691574097,0.5405022501945496
300,1650637458.9128292,-53.675689697265625,-188.70294189453125,1539.983642578125,-0.05871563404798508,0.7940020561218262,0.6050728559494019,-0.6935433149337769,-0.46840140223503113,0.5473552942276001,0.7180182337760925,-0.3875059187412262,0.578177273273468
4,1650637458.9128585,-110.88654327392578,-216.59112548828125,1526.5504150390625,-0.04761430621147156,0.7270665764808655,-0.6849139332771301,-0.7056756019592285,-0.509773850440979,-0.49209001660346985,-0.7069334387779236,0.4598965048789978,0.5373456478118896
300,1650637458.9584932,-53.68119812011719,-188.6868438720703,1539.9581298828125,-0.05865540727972984,0.7934674620628357,0.6057795882225037,-0.6937777996063232,-0.46872836351394653,0.5467779040336609,0.7177965641021729,-0.388204962015152,0.5779836177825928
4,1650637458.958521,-108.6386947631836,-217.3520965576172,1527.5009765625,-0.030440056696534157,0.7329555153846741,-0.6795951724052429,-0.7145476341247559,-0.49138325452804565,-0.4979599714279175,-0.69892418384552,0.4704452157020569,0.538689374923706
300,1650637458.9886074,-53.66876983642578,-188.66481018066406,1539.9676513671875,-0.05874735489487648,0.7933342456817627,0.6059451103210449,-0.6942139863967896,-0.46865734457969666,0.5462849140167236,0.7173671722412109,-0.38856279850006104,0.5782761573791504
4,1650637458.988635,-107.23511505126953,-217.8900146484375,1528.1405029296875,-0.01967109926044941,0.7331216335296631,-0.679813027381897,-0.7191736698150635,-0.4827236235141754,-0.49976709485054016,-0.6945518851280212,0.4790726602077484,0.5367374420166016
300,1650637459.0247486,-53.66239929199219,-188.67593383789062,1539.959716796875,-0.05880041792988777,0.7936411499977112,0.605538010597229,-0.6939197778701782,-0.46856561303138733,0.5467372536659241,0.7176474332809448,-0.38804641366004944,0.5782751441001892
4,1650637459.0247755,-105.75902557373047,-218.60667419433594,1528.9754638671875,-0.010735099203884602,0.7325443625450134,-0.680634617805481,-0.7241552472114563,-0.4750834107398987,-0.499894917011261,-0.689553439617157,0.4875187277793884,0.5355759263038635
300,1650637459.0532622,-35.23823165893555,-212.60366821289062,1544.64697265625,-0.9751854538917542,-0.06979766488075256,0.2100990116596222,-0.07503234595060349,0.9970355033874512,-0.017038187012076378,-0.20828695595264435,-0.03237961605191231,-0.9775316119194031
300,1650637459.0865092,-34.91032028198242,-212.4910430908203,1544.7236328125,-0.975607693195343,-0.07870626449584961,0.20492671430110931,-0.08381307125091553,0.9963474273681641,-0.016346808522939682,-0.20289160311222076,-0.03312360867857933,-0.9786407947540283
300,1650637459.1339324,-53.656272888183594,-188.6818389892578,1539.9171142578125,-0.058858420699834824,0.7938971519470215,0.6051966547966003,-0.6935312747955322,-0.4685724377632141,0.5472241044044495,0.718018114566803,-0.38751405477523804,0.578171968460083
4,1650637459.1339602,-103.28289794921875,-220.3048095703125,1530.7567138671875,0.009273044764995575,0.7361071705818176,-0.6768015027046204,-0.7356972694396973,-0.45337894558906555,-0.5031868815422058,-0.6772469878196716,0.502587080001831,0.5373478531837463
300,1650637459.1812112,-53.65336227416992,-188.65017700195312,1539.9500732421875,-0.058708954602479935,0.7933734059333801,0.6058976054191589,-0.6941430568695068,-0.4686416983604431,0.5463884472846985,0.7174389362335205,-0.38850173354148865,0.5782281160354614
4,1650637459.1812394,-102.8306884765625,-220.98240661621094,1531.214111328125,0.012057912535965443,0.7364736795425415,-0.6763587594032288,-0.7399969696998596,-0.44834643602371216,-0.5013880133628845,-0.6725021004676819,0.5065491199493408,0.5395821928977966
300,1650637459.2102926,-53.650211334228516,-188.66647338867188,1539.95703125,-0.05888136103749275,0.7939620614051819,0.6051092743873596,-0.6938002109527588,-0.46837979555130005,0.5470480918884277,0.7177563905715942,-0.38761404156684875,0.5784298777580261
4,1650637459.2103202,-102.65223693847656,-221.4107208251953,1531.5517578125,0.012813502922654152,0.7349428534507751,-0.678007960319519,-0.7422263026237488,-0.4473673105239868,-0.49896156787872314,-0.6700268387794495,0.5096287727355957,0.5397615432739258
300,1650637459.2468066,-53.666221618652344,-188.6667938232422,1540.01953125,-0.05865927040576935,0.7938686609268188,0.6052533388137817,-0.6942396759986877,-0.46811816096305847,0.5467144250869751,0.7173495292663574,-0.3881210386753082,0.5785945653915405
4,1650637459.2468328,-102.583740234375,-221.8705291748047,1531.9185791015625,0.013612287119030952,0.7318918704986572,-0.6812848448753357,-0.7436708211898804,-0.4480498433113098,-0.49619054794311523,-0.6684073805809021,0.5134059190750122,0.5381876230239868
300,1650637459.290618,-53.661258697509766,-188.65943908691406,1539.9654541015625,-0.058720674365758896,0.7935230135917664,0.6057004928588867,-0.6939149498939514,-0.4686359167098999,0.546683132648468,0.7176586389541626,-0.3882030248641968,0.5781561136245728
4,1650637459.2906456,-102.70553588867188,-222.3246307373047,1532.1708984375,0.011811499483883381,0.7315443754196167,-0.6816915273666382,-0.7451838254928589,-0.4481445252895355,-0.4938294589519501,-0.6667544841766357,0.5138183236122131,0.5398417711257935
300,1650637459.3176866,-53.65732192993164,-188.6778106689453,1539.961181640625,-0.05877499654889107,0.7938553690910339,0.6052595973014832,-0.6937413215637207,-0.46845608949661255,0.5470574498176575,0.7178220152854919,-0.38774028420448303,0.5782638192176819
4,1650637459.3177135,-102.68952178955078,-222.72430419921875,1532.4281005859375,0.010063393041491508,0.7279906272888184,-0.6855132579803467,-0.7459121346473694,-0.45111122727394104,-0.49001404643058777,-0.6659683585166931,0.5162638425827026,0.5384773015975952
300,1650637459.3547044,-53.661773681640625,-188.6848602294922,1539.975341796875,-0.058734383434057236,0.7937238812446594,0.6054359078407288,-0.6937063336372375,-0.46857401728630066,0.5470008850097656,0.7178592085838318,-0.38786694407463074,0.578132688999176
4,1650637459.3547332,-102.3857192993164,-223.2430877685547,1532.8193359375,0.010117101483047009,0.7208285331726074,-0.69303959608078,-0.7462834119796753,-0.4558577537536621,-0.4850307106971741,-0.6655514240264893,0.5221110582351685,0.5333303809165955
300,1650637459.4002793,-53.6744384765625,-188.67030334472656,1539.9808349609375,-0.058651044964790344,0.7934869527816772,0.605754554271698,-0.6941051483154297,-0.4685315787792206,0.546531081199646,0.7174803614616394,-0.38840270042419434,0.5782431960105896
4,1650637459.4003065,-102.44789123535156,-223.39151000976562,1532.8392333984375,0.007669855374842882,0.7197582125663757,-0.6941825151443481,-0.7468209862709045,-0.4575222432613373,-0.4826301336288452,-0.664980947971344,0.5221317410469055,0.5340213775634766
300,1650637459.431462,-53.65436553955078,-188.67904663085938,1539.9315185546875,-0.05887104943394661,0.7938804030418396,0.6052173972129822,-0.6937389373779297,-0.4684816598892212,0.5470386147499084,0.7178164720535278,-0.38765814900398254,0.5783257484436035
4,1650637459.4314895,-102.86593627929688,-223.4584197998047,1532.771728515625,0.005971364211291075,0.720996081829071,-0.6929134130477905,-0.7470417022705078,-0.4574144780635834,-0.4823905825614929,-0.664750337600708,0.5205157399177551,0.5358827710151672
300,1650637459.464155,-53.653011322021484,-188.67971801757812,1539.9107666015625,-0.058953993022441864,0.7941659092903137,0.6048346161842346,-0.6937334537506104,-0.46826690435409546,0.5472293496131897,0.7178149223327637,-0.38733264803886414,0.5785456895828247
4,1650637459.4641817,-103.08976745605469,-223.5451202392578,1532.7147216796875,0.00442467862740159,0.7209187150001526,-0.6930055022239685,-0.7469990253448486,-0.4583434760570526,-0.48157423734664917,-0.6648104190826416,0.5198052525520325,0.5364975333213806
300,1650637459.4921155,-53.659881591796875,-188.65609741210938,1539.919677734375,-0.058716047555208206,0.7934300899505615,0.6058226227760315,-0.6941925287246704,-0.46856725215911865,0.5463895201683044,0.7173905372619629,-0.3884757161140442,0.5783056616783142
4,1650637459.4921424,-103.0748062133789,-223.5134735107422,1532.663330078125,0.003207676811143756,0.7196023464202881,-0.6943790316581726,-0.747063934803009,-0.45986491441726685,-0.48002055287361145,-0.6647444367408752,0.5202852487564087,0.5361138582229614
300,1650637459.5294676,-53.65695571899414,-188.6696319580078,1539.9100341796875,-0.05894993618130684,0.7939571142196655,0.6051090955734253,-0.6937127113342285,-0.46846500039100647,0.5470861196517944,0.7178353071212769,-0.3875212073326111,0.5783941149711609
4,1650637459.5294955,-103.24481201171875,-223.42201232910156,1532.55712890625,0.0014519263058900833,0.7187173962593079,-0.695300817489624,-0.746999204158783,-0.4614737033843994,-0.4785752296447754,-0.6648233532905579,0.520084023475647,0.5362112522125244
300,1650637459.5767398,-53.66209411621094,-188.6802215576172,1539.9444580078125,-0.05882211774587631,0.7943229079246521,0.6046412587165833,-0.6936689019203186,-0.4680952727794647,0.5474580526351929,0.7178881764411926,-0.3872182071208954,0.5785314440727234
4,1650637459.576768,-103.4581069946289,-223.35411071777344,1532.46923828125,0.0006583151989616454,0.7201550006866455,-0.693812906742096,-0.7456894516944885,-0.461929589509964,-0.48017531633377075,-0.6662933826446533,0.517685055732727,0.536707878112793
300,1650637459.6044407,-53.66993713378906,-188.67123413085938,1539.970703125,-0.058701690286397934,0.7936390042304993,0.6055503487586975,-0.6938713192939758,-0.46854549646377563,0.5468159317970276,0.717702329158783,-0.38807499408721924,0.5781878232955933
4,1650637459.6044667,-103.50590515136719,-223.33462524414062,1532.47802734375,0.001129072974435985,0.7197327017784119,-0.6942503452301025,-0.7448389530181885,-0.4626292288303375,-0.48082128167152405,-0.6672433018684387,0.5176476240158081,0.5355626344680786
300,1650637459.6369054,-53.67759704589844,-188.66845703125,1539.9942626953125,-0.05869469419121742,0.7936068773269653,0.6055931448936462,-0.6941366791725159,-0.4684275984764099,0.5465801954269409,0.7174463272094727,-0.38828304409980774,0.5783658027648926
4,1650637459.6369333,-103.57689666748047,-223.27081298828125,1532.4356689453125,3.800496051553637e-05,0.7199005484580994,-0.69407719373703,-0.7445499300956726,-0.4633224904537201,-0.48060134053230286,-0.6675667762756348,0.516793429851532,0.5359843373298645
300,1650637459.685944,-53.6625862121582,-188.66995239257812,1539.907470703125,-0.05877301096916199,0.7938113808631897,0.6053174734115601,-0.6938566565513611,-0.46843260526657104,0.5469313263893127,0.7177107334136963,-0.3878587484359741,0.5783224701881409
4,1650637459.6859698,-103.89751434326172,-223.30130004882812,1532.317138671875,-0.0021627582609653473,0.7196893095970154,-0.6942929029464722,-0.7448298931121826,-0.4644290804862976,-0.4790971279144287,-0.6672508716583252,0.5160939693450928,0.5370505452156067
300,1650637459.7160091,-53.67180252075195,-188.66574096679688,1539.9090576171875,-0.05875907838344574,0.7937321662902832,0.6054226756095886,-0.6938442587852478,-0.46850401163101196,0.5468858480453491,0.7177238464355469,-0.38793453574180603,0.5782554149627686
4,1650637459.7160368,-103.80506134033203,-223.49996948242188,1532.418212890625,-0.004163963254541159,0.7163113355636597,-0.6977683901786804,-0.7453030347824097,-0.46744227409362793,-0.47541677951812744,-0.6667128801345825,0.5180692672729492,0.535815417766571
300,1650637459.7481446,-53.6651611328125,-188.670654296875,1539.8970947265625,-0.05886276066303253,0.7935978174209595,0.6055887341499329,-0.6937076449394226,-0.46874985098838806,0.5468485355377197,0.7178474068641663,-0.3879125118255615,0.578116774559021
4,1650637459.7481713,-103.49295043945312,-224.11236572265625,1532.8424072265625,-0.005211318843066692,0.7065793871879578,-0.7076146006584167,-0.7454314827919006,-0.47442662715911865,-0.46824273467063904,-0.6665619015693665,0.5250380635261536,0.5291789174079895
300,1650637459.7921343,-53.65510559082031,-188.67013549804688,1539.883544921875,-0.05887622758746147,0.793789267539978,0.6053364276885986,-0.6938456296920776,-0.46850889921188354,0.5468799471855164,0.717712938785553,-0.3878118097782135,0.5783512592315674
4,1650637459.7921627,-102.99749755859375,-225.25750732421875,1533.6688232421875,-0.009272422641515732,0.6900835633277893,-0.7236703038215637,-0.747362494468689,-0.48559558391571045,-0.45348232984542847,-0.6643518209457397,0.5366391539573669,0.5202452540397644
300,1650637459.8184898,-53.65812683105469,-188.6551971435547,1539.911376953125,-0.05867808684706688,0.7930349707603455,0.6063434481620789,-0.6943415403366089,-0.46882402896881104,0.5459796786308289,0.7172493934631348,-0.3889724016189575,0.5781468749046326
4,1650637459.8185163,-102.67611694335938,-225.966552734375,1534.17529296875,-0.011317199096083641,0.6797903776168823,-0.7333191633224487,-0.7487208843231201,-0.4918588399887085,-0.4444006383419037,-0.6627887487411499,0.5440219640731812,0.5145397186279297
300,1650637459.8576517,-53.67073059082031,-188.66407775878906,1539.8966064453125,-0.05884920433163643,0.7936771512031555,0.6054860949516296,-0.6939913630485535,-0.4685182273387909,0.5466870069503784,0.7175742387771606,-0.3880299925804138,0.5783770084381104
4,1650637459.8576796,-102.99249267578125,-226.26446533203125,1534.24853515625,-0.013244876638054848,0.6799394488334656,-0.7331486344337463,-0.749670684337616,-0.491946280002594,-0.4426993131637573,-0.6616784930229187,0.5437565445899963,0.5162464380264282
300,1650637459.9052658,-53.66954040527344,-188.666259765625,1539.9256591796875,-0.058872997760772705,0.7936196327209473,0.6055591702461243,-0.6941649317741394,-0.46848785877227783,0.5464925765991211,0.717404305934906,-0.3881842792034149,0.5784841775894165
4,1650637459.905293,-103.22722625732422,-226.45445251464844,1534.315673828125,-0.01216820627450943,0.6845703125,-0.7288452386856079,-0.7507936954498291,-0.48767372965812683,-0.4455145299434662,-0.6604247093200684,0.5417912602424622,0.5199052095413208
300,1650637459.9358864,-53.67911148071289,-188.6798553466797,1539.9228515625,-0.05874347314238548,0.7937923669815063,0.6053452491760254,-0.6938773989677429,-0.46842414140701294,0.5469122529029846,0.7176930904388428,-0.38790783286094666,0.5783114433288574
4,1650637459.935915,-103.30799102783203,-226.6988067626953,1534.4344482421875,-0.012394297868013382,0.6873413920402527,-0.7262287735939026,-0.7528305053710938,-0.4844173789024353,-0.44562995433807373,-0.6580977439880371,0.5412039160728455,0.5234555602073669
300,1650637460.012837,-53.68605041503906,-188.67755126953125,1539.944580078125,-0.05871845409274101,0.7935770153999329,0.6056299805641174,-0.6940640807151794,-0.4685053825378418,0.54660564661026,0.7175145745277405,-0.3882501721382141,0.5783032178878784
4,1650637460.012865,-103.73268127441406,-227.01194763183594,1534.462646484375,-0.013026428408920765,0.6910645365715027,-0.7226756811141968,-0.7549748420715332,-0.4806816875934601,-0.44604718685150146,-0.6556243300437927,0.5397915244102478,0.5279979109764099
300,1650637460.0752542,-53.670902252197266,-188.67784118652344,1539.8953857421875,-0.058836642652750015,0.7939237952232361,0.6051638126373291,-0.6940850019454956,-0.4682386517524719,0.546807587146759,0.7174846529960632,-0.38786283135414124,0.5786001682281494
4,1650637460.0752814,-104.05746459960938,-227.1460723876953,1534.3465576171875,-0.015846481546759605,0.693080484867096,-0.7206860184669495,-0.755641758441925,-0.48032018542289734,-0.4453067183494568,-0.6547934412956238,0.5375238656997681,0.5313319563865662
300,1650637460.1326754,-53.66645431518555,-188.6711883544922,1539.8753662109375,-0.05895595625042915,0.7940986156463623,0.6049228310585022,-0.6940085291862488,-0.46818026900291443,0.5469546914100647,0.7175488471984863,-0.3875753581523895,0.5787131786346436
4,1650637460.1327019,-104.57291412353516,-227.53912353515625,1533.929443359375,-0.01769842393696308,0.6971102952957153,-0.7167454361915588,-0.7553280591964722,-0.47901463508605957,-0.4472409784793854,-0.655107855796814,0.5334624648094177,0.5350247621536255
300,1650637460.1581511,-53.677215576171875,-188.68836975097656,1539.8736572265625,-0.058817990124225616,0.7943389415740967,0.6046205759048462,-0.69381183385849,-0.4680016040802002,0.5473569631576538,0.7177503705024719,-0.38729849457740784,0.5786486864089966
4,1650637460.1581771,-104.61149597167969,-228.08811950683594,1533.8656005859375,-0.01868031732738018,0.6969777345657349,-0.7168493866920471,-0.7547082304954529,-0.480099618434906,-0.4471239745616913,-0.6557945609092712,0.5326597094535828,0.5349832773208618
300,1650637460.1940026,-53.66240310668945,-188.6932830810547,1539.876220703125,-0.058852341026067734,0.793951153755188,0.6051264405250549,-0.6939260959625244,-0.4683074951171875,0.5469503402709961,0.7176371216773987,-0.3877236843109131,0.5785043835639954
4,1650637460.1940303,-104.9413833618164,-228.8525390625,1533.584228515625,-0.022179624065756798,0.6982207298278809,-0.7155388593673706,-0.7548994421958923,-0.4809381663799286,-0.4458983838558197,-0.6554654240608215,0.5302700400352478,0.5377534627914429
300,1650637460.2397447,-53.668739318847656,-188.68211364746094,1539.8634033203125,-0.058884769678115845,0.794211745262146,0.6047811508178711,-0.6938982605934143,-0.46810269355773926,0.5471609234809875,0.7176613211631775,-0.3874371647834778,0.5786662697792053
4,1650637460.2397716,-104.86058807373047,-229.76541137695312,1533.58642578125,-0.02710866741836071,0.6948195695877075,-0.7186729907989502,-0.7555423378944397,-0.484986811876297,-0.4403902292251587,-0.6545386910438538,0.5310494899749756,0.5381129384040833
300,1650637460.272162,-53.659767150878906,-188.68994140625,1539.8680419921875,-0.058880191296339035,0.7940957546234131,0.6049339175224304,-0.6938550472259521,-0.46822869777679443,0.5471079349517822,0.7177035212516785,-0.3875226080417633,0.5785567164421082
4,1650637460.272193,-104.84832763671875,-229.8874053955078,1533.744873046875,-0.027377422899007797,0.6947783827781677,-0.7187026143074036,-0.7559061646461487,-0.48485028743743896,-0.4399159252643585,-0.6541072726249695,0.5312280058860779,0.5384612083435059
300,1650637460.3035827,-53.645469665527344,-188.6780548095703,1539.8759765625,-0.05880976840853691,0.7935959100723267,0.6055963635444641,-0.6939756274223328,-0.46858081221580505,0.5466532707214355,0.7175926566123962,-0.3881205916404724,0.5782933831214905
4,1650637460.3036125,-104.96664428710938,-229.9893798828125,1533.7962646484375,-0.027087410911917686,0.6968808770179749,-0.7166751623153687,-0.7563453316688538,-0.4830588698387146,-0.44113022089004517,-0.6536115407943726,0.5301048159599304,0.5401673913002014
300,1650637460.3490665,-53.667903900146484,-188.67410278320312,1539.8885498046875,-0.0587809793651104,0.7937052249908447,0.6054559350013733,-0.6940112113952637,-0.46844881772994995,0.5467212200164795,0.7175605893135071,-0.3880563974380493,0.5783762335777283
4,1650637460.349094,-105.04725646972656,-230.27664184570312,1533.9759521484375,-0.027725592255592346,0.6975906491279602,-0.715959906578064,-0.7571492195129395,-0.4822884798049927,-0.44059380888938904,-0.6526533365249634,0.5298727750778198,0.5415518879890442
300,1650637460.3781474,-53.66389846801758,-188.67208862304688,1539.8834228515625,-0.058800920844078064,0.7938390970230103,0.6052783727645874,-0.6939957737922668,-0.46834596991539,0.5468289852142334,0.7175739407539368,-0.38790658116340637,0.578460156917572
4,1650637460.3781755,-105.12356567382812,-230.5240936279297,1534.0833740234375,-0.029259616509079933,0.6950995922088623,-0.7183177471160889,-0.7583772540092468,-0.48357707262039185,-0.4370550811290741,-0.6511588096618652,0.5319677591323853,0.5412970185279846
300,1650637460.4110682,-53.65043258666992,-188.67189025878906,1539.8582763671875,-0.05890209227800369,0.7937747240066528,0.6053529381752014,-0.6938233971595764,-0.46854665875434875,0.5468757748603821,0.7177322506904602,-0.38779592514038086,0.5783379077911377
4,1650637460.4110963,-105.29695892333984,-230.8002166748047,1534.1468505859375,-0.03171224892139435,0.6931451559066772,-0.7201000452041626,-0.7585030198097229,-0.48587271571159363,-0.43428200483322144,-0.6508974432945251,0.5324259996414185,0.5411608219146729
300,1650637460.4369357,-53.651451110839844,-188.66195678710938,1539.857177734375,-0.0587342232465744,0.7935773730278015,0.6056280136108398,-0.694089949131012,-0.4684987962245941,0.5465784668922424,0.7174882292747498,-0.3882574439048767,0.5783309936523438
4,1650637460.4369636,-105.46060943603516,-230.9251251220703,1534.1312255859375,-0.03502637520432472,0.6915085315704346,-0.7215186357498169,-0.7593010067939758,-0.4878295958042145,-0.4306787848472595,-0.649796187877655,0.532764732837677,0.5421500205993652
300,1650637460.47668,-53.65917205810547,-188.67462158203125,1539.8323974609375,-0.058956995606422424,0.7942189574241638,0.6047646999359131,-0.6937668323516846,-0.4682023823261261,0.5472422242164612,0.7177824378013611,-0.3873019516468048,0.5786066055297852
4,1650637460.4767058,-106.06078338623047,-230.6685791015625,1533.7939453125,-0.03738226369023323,0.6931256651878357,-0.719846785068512,-0.7579171061515808,-0.48914268612861633,-0.4316261112689972,-0.6512789130210876,0.5294490456581116,0.5436170101165771
300,1650637460.50413,-53.68246078491211,-188.667236328125,1539.843017578125,-0.05896373838186264,0.7943076491355896,0.6046475172042847,-0.6938143372535706,-0.46809977293014526,0.5472698211669922,0.717736005783081,-0.38724401593208313,0.5787029266357422
4,1650637460.504156,-106.5318603515625,-230.34815979003906,1533.46630859375,-0.038927167654037476,0.6947066187858582,-0.7182391285896301,-0.7570549249649048,-0.48964375257492065,-0.43257007002830505,-0.6521905660629272,0.526907742023468,0.5449914932250977
300,1650637460.5366979,-53.67993927001953,-188.66505432128906,1539.8289794921875,-0.0591634139418602,0.7942356467247009,0.6047226190567017,-0.6936690211296082,-0.46834078431129456,0.5472478270530701,0.7178599834442139,-0.3871002793312073,0.5786453485488892
4,1650637460.5367293,-107.140380859375,-229.73577880859375,1532.9090576171875,-0.040216293185949326,0.6984975934028625,-0.7144814729690552,-0.7551416158676147,-0.48950886726379395,-0.43605300784111023,-0.6543269753456116,0.5219982266426086,0.5471508502960205
300,1650637460.5840237,-53.69792175292969,-188.66964721679688,1539.8502197265625,-0.058998819440603256,0.7941550016403198,0.6048445701599121,-0.6940416097640991,-0.4681323170661926,0.5469537377357483,0.7175133228302002,-0.38751766085624695,0.5787959098815918
4,1650637460.584049,-108.34196472167969,-228.78944396972656,1532.00927734375,-0.0437202975153923,0.7066295146942139,-0.7062317132949829,-0.7518175840377808,-0.4888050854206085,-0.4425380527973175,-0.6579201221466064,0.5116095542907715,0.5526272058486938
300,1650637460.6116354,-53.716796875,-188.65493774414062,1539.8572998046875,-0.059048134833574295,0.7936926484107971,0.6054463386535645,-0.6943255066871643,-0.4684205651283264,0.5463462471961975,0.7172345519065857,-0.38811609148979187,0.5787404179573059
4,1650637460.611662,-108.94108581542969,-228.4158935546875,1531.650634765625,-0.04470467194914818,0.7089521884918213,-0.7038382291793823,-0.7497560381889343,-0.489416241645813,-0.44535109400749207,-0.6602025032043457,0.5077977180480957,0.55342036485672
300,1650637460.6462395,-53.73942947387695,-188.65481567382812,1539.796142578125,-0.059226762503385544,0.7942808866500854,0.6046569347381592,-0.6940898895263672,-0.46810370683670044,0.5469169020652771,0.717447817325592,-0.3872941732406616,0.5790266394615173
4,1650637460.6462655,-109.62940979003906,-228.0029296875,1531.243408203125,-0.04737613722681999,0.7119763493537903,-0.7006034255027771,-0.7486421465873718,-0.4896458387374878,-0.4469696283340454,-0.6612793803215027,0.5033255815505981,0.5562130212783813
300,1650637460.673737,-53.72757339477539,-188.6558380126953,1539.7939453125,-0.059118397533893585,0.7938598990440369,0.6052201390266418,-0.6941372752189636,-0.46840569376945496,0.5465981960296631,0.7174109816551208,-0.38779184222221375,0.5787391662597656
4,1650637460.6737628,-109.97086334228516,-227.62509155273438,1531.1851806640625,-0.04576856270432472,0.7071822285652161,-0.7055484056472778,-0.7488551139831543,-0.49174240231513977,-0.4443033039569855,-0.6611514687538147,0.5080183744430542,0.5520833730697632
300,1650637460.7086596,-53.718135833740234,-188.64303588867188,1539.797119140625,-0.05914562940597534,0.7938253283500671,0.6052628755569458,-0.6943544745445251,-0.46833276748657227,0.5463847517967224,0.7171984910964966,-0.38795068860054016,0.5788959860801697
4,1650637460.7086878,-110.9434814453125,-226.4391326904297,1530.685791015625,-0.04525739699602127,0.7095135450363159,-0.703236997127533,-0.7524608373641968,-0.4872432053089142,-0.44316673278808594,-0.6570802927017212,0.5091016888618469,0.5559325218200684
300,1650637460.7540987,-53.75065994262695,-188.63853454589844,1539.7935791015625,-0.05924016982316971,0.7938085794448853,0.605275571346283,-0.6942371726036072,-0.46845749020576477,0.5464268922805786,0.7173042297363281,-0.3878343999385834,0.5788429379463196
4,1650637460.754126,-111.78020477294922,-225.9556121826172,1530.3123779296875,-0.04144090786576271,0.7115246653556824,-0.7014380693435669,-0.754303514957428,-0.4826643764972687,-0.44504082202911377,-0.6552166938781738,0.5106542706489563,0.5567075610160828
300,1650637460.7831657,-53.760108947753906,-188.65614318847656,1539.8228759765625,-0.059189602732658386,0.7936939597129822,0.6054308414459229,-0.6941801905632019,-0.4685670733451843,0.5464053153991699,0.7173635363578796,-0.3879365622997284,0.5787009000778198
4,1650637460.7831912,-111.63770294189453,-226.0127410888672,1530.5489501953125,-0.04330288618803024,0.7112013697624207,-0.7016533613204956,-0.7536528706550598,-0.48429399728775024,-0.44437217712402344,-0.6558446288108826,0.5095604658126831,0.5569702982902527
300,1650637460.8161721,-53.71895217895508,-188.66311645507812,1539.858154296875,-0.05904047563672066,0.793376088142395,0.6058618426322937,-0.6943807601928711,-0.46867239475250244,0.5460599660873413,0.7171816825866699,-0.388459175825119,0.5785757899284363
4,1650637460.8161995,-111.41770935058594,-225.40652465820312,1530.93798828125,-0.04722914472222328,0.7086860537528992,-0.7039414048194885,-0.752446174621582,-0.4887351095676422,-0.4415458142757416,-0.6569582223892212,0.5088241696357727,0.556330680847168
300,1650637460.8619874,-53.723960876464844,-188.65699768066406,1539.807861328125,-0.059258151799440384,0.794026792049408,0.6049875020980835,-0.6939978003501892,-0.46839848160743713,0.5467814207077026,0.7175343036651611,-0.38745877146720886,0.5788092613220215
4,1650637460.862027,-111.9135971069336,-224.66651916503906,1530.881591796875,-0.05151952803134918,0.7090202569961548,-0.7033036351203918,-0.7514055967330933,-0.4914035201072693,-0.4403546154499054,-0.6578261852264404,0.5057794451713562,0.5580787062644958
300,1650637460.907694,-53.777565002441406,-188.63836669921875,1539.7869873046875,-0.059188805520534515,0.7936386466026306,0.6055034399032593,-0.6944944262504578,-0.4684465825557709,0.5461091995239258,0.7170593738555908,-0.3881952166557312,0.578904390335083
4,1650637460.9077215,-112.60536193847656,-224.6075439453125,1530.6461181640625,-0.05386674031615257,0.7094449400901794,-0.7026992440223694,-0.7514006495475769,-0.492269366979599,-0.4393949508666992,-0.6576438546180725,0.5043399333953857,0.5595943331718445
300,1650637460.9333239,-53.761070251464844,-188.6416473388672,1539.786865234375,-0.05919378995895386,0.7936204671859741,0.6055267453193665,-0.6944472789764404,-0.46849095821380615,0.5461311340332031,0.7171046733856201,-0.38817882537841797,0.5788593292236328
4,1650637460.9333513,-112.86634826660156,-224.46998596191406,1530.4346923828125,-0.05420955270528793,0.709027886390686,-0.7030937671661377,-0.7518219351768494,-0.4923708140850067,-0.4385598599910736,-0.6571339964866638,0.5048271417617798,0.5597538948059082
300,1650637460.9768279,-53.749271392822266,-188.64942932128906,1539.785888671875,-0.05931670591235161,0.7938721776008606,0.6051847338676453,-0.6942328214645386,-0.4684397876262665,0.5464475750923157,0.7173020839691162,-0.3877256214618683,0.57891845703125
4,1650637460.976853,-113.23290252685547,-224.22238159179688,1530.225341796875,-0.05455978959798813,0.7133570909500122,-0.698673665523529,-0.7522072196006775,-0.4895273447036743,-0.44107508659362793,-0.6566638946533203,0.5014824271202087,0.5633009076118469
300,1650637461.0205913,-53.766361236572266,-188.6420135498047,1539.821044921875,-0.059178996831178665,0.7934907078742981,0.6056982278823853,-0.6945317387580872,-0.46855494379997253,0.545968770980835,0.717024028301239,-0.38836678862571716,0.5788331031799316
4,1650637461.0206196,-113.11766815185547,-224.30908203125,1530.288330078125,-0.053840432316064835,0.7134308815002441,-0.6986541748046875,-0.7521700859069824,-0.4891621172428131,-0.44154345989227295,-0.656765878200531,0.5017338395118713,0.5629580020904541
300,1650637461.0821176,-53.762535095214844,-188.6493377685547,1539.8544921875,-0.05909918621182442,0.7937079071998596,0.6054213643074036,-0.6943202614784241,-0.46843457221984863,0.5463409423828125,0.7172353863716125,-0.3880680203437805,0.5787715911865234
4,1650637461.0821464,-113.3347396850586,-224.0061798095703,1530.1595458984375,-0.054004356265068054,0.7152388095855713,-0.6967904567718506,-0.7508458495140076,-0.4891020655632019,-0.44385772943496704,-0.6582659482955933,0.49921199679374695,0.5634477138519287
300,1650637461.1120565,-53.75825119018555,-188.64842224121094,1539.8382568359375,-0.059237901121377945,0.7938829660415649,0.6051782369613647,-0.6942259073257446,-0.46839532256126404,0.5464944839477539,0.7173153162002563,-0.38775721192359924,0.5788808465003967
4,1650637461.112084,-113.21453857421875,-223.7706756591797,1530.0634765625,-0.05447598919272423,0.7151818871498108,-0.6968122124671936,-0.7503145337104797,-0.48976853489875793,-0.4440212845802307,-0.6588326692581177,0.4986398220062256,0.5632919669151306
300,1650637461.1471603,-53.75624084472656,-188.6478271484375,1539.8314208984375,-0.05922020971775055,0.793971836566925,0.6050634384155273,-0.6942384839057922,-0.46829965710639954,0.546560525894165,0.7173046469688416,-0.38769087195396423,0.5789385437965393
4,1650637461.1471872,-113.34369659423828,-223.38282775878906,1529.88720703125,-0.05432998389005661,0.7181200385093689,-0.6937952637672424,-0.7483730316162109,-0.48927512764930725,-0.44782546162605286,-0.6610491871833801,0.4948873221874237,0.5640040040016174
300,1650637461.190863,-53.74970245361328,-188.64801025390625,1539.83544921875,-0.05920054763555527,0.7940365672111511,0.6049803495407104,-0.6940783262252808,-0.46831804513931274,0.5467481017112732,0.7174611687660217,-0.387535959482193,0.5788482427597046
4,1650637461.1908915,-113.37137603759766,-222.9888916015625,1529.6971435546875,-0.05470523238182068,0.7188889384269714,-0.692969024181366,-0.7464268803596497,-0.49040982127189636,-0.44982782006263733,-0.6632150411605835,0.49264276027679443,0.5634260177612305
300,1650637461.21905,-53.744911193847656,-188.64805603027344,1539.857177734375,-0.05917988717556,0.7937909364700317,0.6053045988082886,-0.6941806674003601,-0.46847453713417053,0.5464840531349182,0.7173638939857483,-0.3878498673439026,0.5787585973739624
4,1650637461.2190778,-113.65817260742188,-222.71124267578125,1529.4962158203125,-0.05743435397744179,0.7194432020187378,-0.6921725273132324,-0.7450467944145203,-0.4923829138278961,-0.4499604105949402,-0.664534866809845,0.4898577332496643,0.5642985105514526
300,1650637461.2529159,-53.74403381347656,-188.64573669433594,1539.84716796875,-0.05917339399456978,0.7938681244850159,0.6052039861679077,-0.6941273212432861,-0.4684305191040039,0.5465895533561707,0.7174160480499268,-0.38774508237838745,0.5787642002105713
4,1650637461.2529562,-114.02081298828125,-222.2921905517578,1529.2261962890625,-0.06025170534849167,0.7207319736480713,-0.6905904412269592,-0.7431695461273193,-0.49426567554473877,-0.45099937915802,-0.6663848161697388,0.4860523045063019,0.5654064416885376
300,1650637461.3005505,-53.737030029296875,-188.6453399658203,1539.87353515625,-0.05896597355604172,0.7933507561683655,0.6059022545814514,-0.6943414211273193,-0.46868017315864563,0.5461033582687378,0.7172259092330933,-0.38850152492523193,0.5784925222396851
4,1650637461.3005788,-114.5679702758789,-221.2922821044922,1528.4892578125,-0.06316447257995605,0.7235729694366455,-0.6873517632484436,-0.7383792400360107,-0.4972332715988159,-0.4555822014808655,-0.6714211106300354,0.47874966263771057,0.5656787753105164
300,1650637461.3316147,-53.73334503173828,-188.6632537841797,1539.83544921875,-0.05913581699132919,0.7940546274185181,0.6049630045890808,-0.6937015652656555,-0.4684735834598541,0.5470929145812988,0.7178308367729187,-0.3873109817504883,0.5785404443740845
4,1650637461.3316424,-115.19110107421875,-220.0001983642578,1527.6256103515625,-0.06508014351129532,0.7279351353645325,-0.6825503706932068,-0.7306730151176453,-0.500609278678894,-0.46422767639160156,-0.6796186566352844,0.46850913763046265,0.5644622445106506
300,1650637461.3643858,-53.73334503173828,-188.6475830078125,1539.856689453125,-0.0590958446264267,0.7937041521072388,0.6054266095161438,-0.6939017176628113,-0.46866264939308167,0.5466769933700562,0.7176406383514404,-0.3878002166748047,0.5784487128257751
4,1650637461.3644109,-116.3274917602539,-218.30078125,1526.4661865234375,-0.07067660987377167,0.7350729703903198,-0.674294114112854,-0.7234836220741272,-0.5031473636627197,-0.47266706824302673,-0.6867141127586365,0.45443427562713623,0.5673739910125732
300,1650637461.3917239,-53.73890686035156,-188.63658142089844,1539.84912109375,-0.0591471903026104,0.7936795949935913,0.6054538488388062,-0.6940068006515503,-0.4686531126499176,0.5465517640113831,0.7175347805023193,-0.38786205649375916,0.5785385370254517
4,1650637461.39175,-117.27754211425781,-216.93582153320312,1525.52734375,-0.07375749200582504,0.742355227470398,-0.6659343242645264,-0.7181167006492615,-0.5028843283653259,-0.48105692863464355,-0.692003071308136,0.44273698329925537,0.5701891779899597
300,1650637461.428163,-53.7422981262207,-188.63844299316406,1539.84375,-0.05910984426736832,0.7936120629310608,0.6055459976196289,-0.6939947605133057,-0.4687023460865021,0.5465248227119446,0.7175495028495789,-0.38794073462486267,0.5784675478935242
4,1650637461.4281905,-118.1968994140625,-216.88150024414062,1525.3590087890625,-0.07590224593877792,0.7502357959747314,-0.6567991375923157,-0.7195236086845398,-0.49723106622695923,-0.4848164916038513,-0.6903076171875,0.43578383326530457,0.5775533318519592
300,1650637461.4759417,-53.72719192504883,-188.65753173828125,1539.90234375,-0.059107378125190735,0.7940451502799988,0.6049781441688538,-0.6939536929130554,-0.46833211183547974,0.5468942523002625,0.7175894379615784,-0.3875013589859009,0.5787124633789062
4,1650637461.475967,-118.96708679199219,-218.1239776611328,1525.862060546875,-0.07956220209598541,0.7565065026283264,-0.6491284966468811,-0.7270850539207458,-0.4895162582397461,-0.48137423396110535,-0.681921660900116,0.4336724281311035,0.5889915227890015
300,1650637461.503164,-53.71660614013672,-188.65298461914062,1539.8726806640625,-0.0590955950319767,0.7940868139266968,0.6049246191978455,-0.6937326788902283,-0.4684079885482788,0.5471096038818359,0.7178040742874146,-0.3873242139816284,0.5785648226737976
4,1650637461.5031905,-120.32882690429688,-218.7523193359375,1525.98974609375,-0.08553009480237961,0.7637781500816345,-0.6397870779037476,-0.7319436073303223,-0.4838349223136902,-0.4797523021697998,-0.6759756803512573,0.4272548258304596,0.6004250049591064
300,1650637461.537799,-53.722164154052734,-188.6493682861328,1539.911376953125,-0.058977674692869186,0.7936757206916809,0.6054754257202148,-0.6939466595649719,-0.4686063826084137,0.5466681718826294,0.7176069021224976,-0.38792645931243896,0.5784059166908264
4,1650637461.537827,-120.8951644897461,-220.21322631835938,1526.7208251953125,-0.09357525408267975,0.7567299604415894,-0.6469956636428833,-0.7361094951629639,-0.49013853073120117,-0.466805100440979,-0.6703629493713379,0.43257826566696167,0.6029009819030762
300,1650637461.5833154,-53.73930740356445,-188.64378356933594,1539.88818359375,-0.05903887748718262,0.7938475608825684,0.6052441596984863,-0.6939223408699036,-0.4684942066669464,0.5467951893806458,0.7176253795623779,-0.38771024346351624,0.5785279273986816
4,1650637461.5833433,-120.5263442993164,-222.4902801513672,1528.0760498046875,-0.10034250468015671,0.7351493835449219,-0.670437753200531,-0.7414600849151611,-0.5045786499977112,-0.44230908155441284,-0.6634517908096313,0.4527204632759094,0.5957146286964417
300,1650637461.615455,-53.738677978515625,-188.6393585205078,1539.9156494140625,-0.05898718163371086,0.7934435606002808,0.6057787537574768,-0.6940729022026062,-0.46875226497650146,0.5463827252388,0.7174839973449707,-0.3882250487804413,0.5783580541610718
4,1650637461.6154819,-120.72187042236328,-223.1460418701172,1528.45166015625,-0.10359949618577957,0.7322683930397034,-0.6730899810791016,-0.7445406913757324,-0.5058072805404663,-0.43568119406700134,-0.6594893932342529,0.45600655674934387,0.5976049900054932
300,1650637461.6475377,-53.74615478515625,-188.65029907226562,1539.939697265625,-0.05890321731567383,0.7937582731246948,0.6053744554519653,-0.6938151717185974,-0.46856653690338135,0.546869158744812,0.7177401185035706,-0.38780561089515686,0.578321635723114
4,1650637461.6475792,-121.18061065673828,-223.04132080078125,1528.363037109375,-0.10440942645072937,0.7365605235099792,-0.6682643890380859,-0.7451030015945435,-0.5029877424240112,-0.4379780888557434,-0.658726155757904,0.45219674706459045,0.6013301610946655
300,1650637461.6754656,-53.7464599609375,-188.64572143554688,1539.963623046875,-0.0589541532099247,0.7934423685073853,0.6057835221290588,-0.6939982771873474,-0.468777596950531,0.5464558005332947,0.7175589203834534,-0.3881968557834625,0.578283965587616
4,1650637461.6754928,-121.1460952758789,-222.89678955078125,1528.3575439453125,-0.10267006605863571,0.736884355545044,-0.6681768298149109,-0.7441799640655518,-0.5026244521141052,-0.4399600327014923,-0.6600416898727417,0.4520730972290039,0.599979043006897
300,1650637461.712776,-53.75603103637695,-188.642333984375,1539.9462890625,-0.059060391038656235,0.7937726974487305,0.6053401827812195,-0.6939229369163513,-0.4685719907283783,0.5467277765274048,0.7176230549812317,-0.387769490480423,0.5784911513328552
4,1650637461.7128038,-120.80232238769531,-222.595947265625,1528.2537841796875,-0.10092566907405853,0.7358132600784302,-0.6696214079856873,-0.7437617182731628,-0.5028289556503296,-0.4404333531856537,-0.660781741142273,0.45358774065971375,0.5980181097984314
300,1650637461.7582288,-53.753761291503906,-188.624755859375,1539.9100341796875,-0.05895158648490906,0.7935375571250916,0.605659008026123,-0.6940470933914185,-0.4686640202999115,0.5464912056922913,0.7175118923187256,-0.3881393373012543,0.5783809423446655
4,1650637461.7582572,-121.02772521972656,-221.83468627929688,1527.8232421875,-0.10007352381944656,0.7411530613899231,-0.6638354063034058,-0.742350161075592,-0.4998544454574585,-0.4461633861064911,-0.6624964475631714,0.448149174451828,0.6002172827720642
300,1650637461.7871227,-53.756893157958984,-188.62539672851562,1539.9237060546875,-0.05889672413468361,0.7933045029640198,0.6059696078300476,-0.6940204501152039,-0.4688619077205658,0.5463553071022034,0.7175421714782715,-0.38837677240371704,0.5781839489936829
4,1650637461.78715,-120.90547180175781,-221.3119354248047,1527.5595703125,-0.09880271553993225,0.7413050532341003,-0.6638560891151428,-0.7394439578056335,-0.5011317133903503,-0.4495438039302826,-0.6659284234046936,0.44646820425987244,0.5976666808128357
300,1650637461.8202212,-53.748451232910156,-188.6227264404297,1539.9488525390625,-0.05898040905594826,0.7936885356903076,0.6054583191871643,-0.6940180659294128,-0.46855753660202026,0.5466194152832031,0.7175376415252686,-0.38795918226242065,0.5784699320793152
4,1650637461.8202493,-120.83882904052734,-220.33035278320312,1527.0689697265625,-0.09793370962142944,0.7431204915046692,-0.6619523763656616,-0.7363535165786743,-0.5015581250190735,-0.4541177451610565,-0.669471800327301,0.4429575204849243,0.5963188409805298
300,1650637461.8468137,-53.74702072143555,-188.6197509765625,1539.9788818359375,-0.05889023840427399,0.7932420372962952,0.6060519814491272,-0.693955659866333,-0.468950092792511,0.5463619232177734,0.7176053524017334,-0.38839784264564514,0.5780913829803467
4,1650637461.8468401,-120.47547912597656,-219.38375854492188,1526.6160888671875,-0.09531543403863907,0.7447265982627869,-0.6605280637741089,-0.7327876091003418,-0.5016031265258789,-0.4598006308078766,-0.6737486720085144,0.44020065665245056,0.593536913394928
300,1650637461.8840358,-53.75006103515625,-188.60519409179688,1540.0015869140625,-0.05874408781528473,0.7928880453109741,0.6065292358398438,-0.694240152835846,-0.4690435528755188,0.5459201335906982,0.7173421382904053,-0.3890073597431183,0.578008234500885
4,1650637461.8840628,-120.08391571044922,-217.7263946533203,1525.8375244140625,-0.08810703456401825,0.7526788115501404,-0.6524658799171448,-0.7282625436782837,-0.4955655336380005,-0.4733375906944275,-0.6796107888221741,0.43346211314201355,0.5918105840682983
300,1650637461.9095948,-53.75050354003906,-188.62120056152344,1539.951171875,-0.05882536247372627,0.7936561107635498,0.6055159568786621,-0.6937699913978577,-0.46864524483680725,0.546859085559845,0.7177902460098267,-0.3879196047782898,0.5781829953193665
4,1650637461.9096236,-120.19505310058594,-216.64451599121094,1525.2935791015625,-0.08364614099264145,0.7640626430511475,-0.639696478843689,-0.7265064120292664,-0.4861377775669098,-0.4856526255607605,-0.6820496320724487,0.42412063479423523,0.5957599878311157
300,1650637461.9751215,-53.753597259521484,-188.6271209716797,1539.99853515625,-0.05888201296329498,0.7932870984077454,0.6059937477111816,-0.6937240362167358,-0.4690307676792145,0.546586811542511,0.7178300023078918,-0.3882082998752594,0.5779398083686829
4,1650637461.9751494,-119.5762710571289,-215.0487060546875,1524.7294921875,-0.06723731011152267,0.7857783436775208,-0.6148426532745361,-0.725835919380188,-0.46133941411972046,-0.5102236866950989,-0.6845738887786865,0.41196882724761963,0.6013653874397278
300,1650637462.0042965,-53.74537658691406,-188.62484741210938,1540.05029296875,-0.05881321802735329,0.7929958701133728,0.6063815355300903,-0.6940292119979858,-0.46909451484680176,0.5461444854736328,0.7175405621528625,-0.38872599601745605,0.5779512524604797
4,1650637462.004323,-119.0201187133789,-215.3289031982422,1525.0692138671875,-0.0607587993144989,0.7915383577346802,-0.6080915927886963,-0.7302082180976868,-0.4505983889102936,-0.5135728716850281,-0.6805177330970764,0.41282936930656433,0.6053656339645386
300,1650637462.0404756,-53.740379333496094,-188.65768432617188,1539.99267578125,-0.05890059098601341,0.7940929532051086,0.6049355864524841,-0.6933954954147339,-0.4684891700744629,0.5474674701690674,0.7181458473205566,-0.38721343874931335,0.5782147645950317
4,1650637462.0405042,-116.98069763183594,-216.7741241455078,1526.355224609375,-0.047787897288799286,0.7901312708854675,-0.6110718846321106,-0.7372794151306152,-0.44064369797706604,-0.5121056437492371,-0.6738956570625305,0.42605826258659363,0.6036049723625183
300,1650637462.0881069,-53.695533752441406,-188.64730834960938,1540.1107177734375,-0.05861655995249748,0.7931370735168457,0.6062158346176147,-0.694075882434845,-0.46884602308273315,0.5462985634803772,0.7175115346908569,-0.38873764872550964,0.5779794454574585
4,1650637462.088135,-114.3061752319336,-219.1566925048828,1528.40380859375,-0.03125229850411415,0.7892806529998779,-0.6132367849349976,-0.7513591051101685,-0.42316386103630066,-0.5063514709472656,-0.6591530442237854,0.4449363946914673,0.6062580347061157
300,1650637462.113921,-53.674625396728516,-188.67686462402344,1540.1259765625,-0.058622512966394424,0.7936367392539978,0.6055610179901123,-0.6937064528465271,-0.46859806776046753,0.546980082988739,0.7178682088851929,-0.3880162239074707,0.5780212879180908
4,1650637462.1139495,-112.99809265136719,-220.5520782470703,1529.5928955078125,-0.02375909686088562,0.7864809632301331,-0.6171573400497437,-0.7581109404563904,-0.41659820079803467,-0.501710832118988,-0.6516926288604736,0.45595353841781616,0.6061378121376038
300,1650637462.1502035,-53.715980529785156,-188.65887451171875,1540.153564453125,-0.05856665223836899,0.7931248545646667,0.6062366366386414,-0.6939985752105713,-0.4688745141029358,0.5463722348213196,0.71759033203125,-0.38872820138931274,0.5778879523277283
4,1650637462.1502326,-111.767333984375,-222.2711181640625,1530.9500732421875,-0.02023494988679886,0.7794542908668518,-0.6261322498321533,-0.7655969262123108,-0.4148494601249695,-0.4916922152042389,-0.6430022120475769,0.4694155752658844,0.6051422953605652
300,1650637462.1958995,-53.759891510009766,-188.63055419921875,1540.01806640625,-0.05874284356832504,0.7935935854911804,0.6056058406829834,-0.6936668753623962,-0.46871715784072876,0.5469282865524292,0.7178966403007507,-0.3879605829715729,0.578023374080658
4,1650637462.195928,-110.59553527832031,-223.92198181152344,1532.1636962890625,-0.019149817526340485,0.7653415203094482,-0.6433393955230713,-0.770805299282074,-0.4211190342903137,-0.4780355393886566,-0.6367829442024231,0.48673513531684875,0.5979936718940735
300,1650637462.2276893,-53.72596740722656,-188.62808227539062,1539.9951171875,-0.05881192907691002,0.7936462759971619,0.6055300831794739,-0.6936773657798767,-0.46869757771492004,0.5469316840171814,0.7178807854652405,-0.38787642121315,0.5780994892120361
4,1650637462.2277164,-110.09133911132812,-224.0303955078125,1532.369384765625,-0.01773483119904995,0.7623772025108337,-0.646889865398407,-0.7707403302192688,-0.42255958914756775,-0.47686767578125,-0.6369025707244873,0.49012690782546997,0.5950888395309448
300,1650637462.263175,-53.70814895629883,-188.6351776123047,1540.076416015625,-0.058650340884923935,0.7935346364974976,0.6056920886039734,-0.6937107443809509,-0.46870148181915283,0.5468860268592834,0.7178617715835571,-0.3881000578403473,0.5779730677604675
4,1650637462.2631996,-109.5867919921875,-222.97698974609375,1531.9031982421875,-0.013080285862088203,0.7659688591957092,-0.6427445411682129,-0.7680769562721252,-0.4192676246166229,-0.484017014503479,-0.6402239799499512,0.48734620213508606,0.5938071608543396
300,1650637462.3067265,-53.71538162231445,-188.6475067138672,1540.1761474609375,-0.058597881346940994,0.7935373783111572,0.6056935787200928,-0.6939511299133301,-0.4685433804988861,0.5467164516448975,0.7176336646080017,-0.3882853090763092,0.5781318545341492
4,1650637462.3067546,-109.21563720703125,-220.96206665039062,1530.9024658203125,-0.003478016471490264,0.7762038111686707,-0.6304724812507629,-0.7616373896598816,-0.4106035828590393,-0.5013114809989929,-0.6479941606521606,0.478447824716568,0.592613935470581
300,1650637462.3324249,-53.659637451171875,-188.662353515625,1540.1458740234375,-0.05869488790631294,0.7935647368431091,0.6056483387947083,-0.6935985088348389,-0.468756765127182,0.5469809770584106,0.717966616153717,-0.38797181844711304,0.5779289603233337
4,1650637462.3324523,-108.9197769165039,-219.97071838378906,1530.3839111328125,-0.00024022038269322366,0.7779936790466309,-0.6282720565795898,-0.7581667304039001,-0.4098132252693176,-0.5071847438812256,-0.6520606875419617,0.47621312737464905,0.5899473428726196
300,1650637462.372528,-53.55221939086914,-188.7028350830078,1540.264892578125,-0.05848058685660362,0.7930015325546265,0.6064062714576721,-0.6940650939941406,-0.46890759468078613,0.5462594032287598,0.7175330519676208,-0.38893985748291016,0.5778166651725769
4,1650637462.3725536,-108.41515350341797,-219.37380981445312,1530.2315673828125,0.0029241451993584633,0.7745376229286194,-0.6325210928916931,-0.7539198398590088,-0.4138370156288147,-0.5102389454841614,-0.6569598913192749,0.47836223244667053,0.582729160785675
300,1650637462.4165263,-53.478641510009766,-188.7642364501953,1540.419677734375,-0.058232348412275314,0.7934367656707764,0.6058606505393982,-0.6939688920974731,-0.4684460461139679,0.5467773675918579,0.7176462411880493,-0.38860830664634705,0.577899158000946
4,1650637462.4165537,-109.83612060546875,-217.74928283691406,1528.964599609375,-0.006744963116943836,0.7808275818824768,-0.6247101426124573,-0.7450956702232361,-0.42057719826698303,-0.517636239528656,-0.6669235229492188,0.46197739243507385,0.5846279859542847
300,1650637462.4807105,-53.74949264526367,-188.69175720214844,1540.1943359375,-0.05861475691199303,0.7933928370475769,0.6058812737464905,-0.6936020255088806,-0.46887093782424927,0.5468786358833313,0.7179697155952454,-0.3881853520870209,0.577781617641449
4,1650637462.480737,-111.3525390625,-216.72885131835938,1527.864501953125,-0.018792126327753067,0.7736029624938965,-0.6333919167518616,-0.737514853477478,-0.43846002221107483,-0.5136385560035706,-0.6750693917274475,0.45748358964920044,0.5787833333015442
300,1650637462.5093157,-53.71866226196289,-188.65118408203125,1540.0277099609375,-0.05868762359023094,0.7933216094970703,0.6059675216674805,-0.69389808177948,-0.46881067752838135,0.546554684638977,0.717677652835846,-0.38840368390083313,0.5779976844787598
4,1650637462.5093422,-111.35965728759766,-216.9110870361328,1527.83203125,-0.02036951296031475,0.7671502828598022,-0.6411439180374146,-0.7369253039360046,-0.4449000656604767,-0.5089253783226013,-0.6756672263145447,0.4621086120605469,0.5743948817253113
300,1650637462.5432215,-53.60072326660156,-188.72755432128906,1540.1595458984375,-0.058543674647808075,0.7937532663345337,0.6054158806800842,-0.693638026714325,-0.46849122643470764,0.5471583604812622,0.7179407477378845,-0.3879068195819855,0.5780046582221985
4,1650637462.5432465,-110.39818572998047,-217.10440063476562,1528.26806640625,-0.019685303792357445,0.7567580342292786,-0.6533986330032349,-0.7347838282585144,-0.45413658022880554,-0.5038380026817322,-0.6780156493186951,0.47018852829933167,0.5649933815002441
300,1650637462.586983,-53.70471954345703,-188.73477172851562,1540.324951171875,-0.058443669229745865,0.79353928565979,0.605705976486206,-0.6934499144554138,-0.46873739361763,0.5471859574317932,0.7181305885314941,-0.3880471885204315,0.5776745080947876
4,1650637462.5870113,-109.4317398071289,-217.1507110595703,1528.77685546875,-0.013750378042459488,0.7521764636039734,-0.658818244934082,-0.7336449027061462,-0.45527103543281555,-0.5044733881950378,-0.6793938875198364,0.4764019548892975,0.5580906271934509
300,1650637462.632525,-53.790863037109375,-188.65635681152344,1540.1568603515625,-0.05868760868906975,0.7932660579681396,0.6060401797294617,-0.6940789818763733,-0.46876275539398193,0.5463660359382629,0.7175027132034302,-0.38857483863830566,0.5780999064445496
4,1650637462.632553,-108.03666687011719,-217.76597595214844,1529.2939453125,-0.009553764015436172,0.7416079640388489,-0.6707655191421509,-0.7359873056411743,-0.4593164026737213,-0.49734410643577576,-0.676927924156189,0.4889233708381653,0.5502022504806519
300,1650637462.6962352,-53.63972091674805,-188.69705200195312,1540.247802734375,-0.05845177546143532,0.7934062480926514,0.6058794260025024,-0.6936226487159729,-0.4687681198120117,0.5469406247138977,0.7179630994796753,-0.38828206062316895,0.5777248740196228
4,1650637462.6962626,-105.5295639038086,-218.95265197753906,1530.7708740234375,-0.0049833073280751705,0.7200587391853333,-0.6938952207565308,-0.7381072044372559,-0.4708070456981659,-0.4832581579685211,-0.6746650338172913,0.509760856628418,0.5338267683982849
300,1650637462.7282286,-35.201942443847656,-212.6261749267578,1545.0450439453125,-0.97869473695755,-0.06800474226474762,0.19373175501823425,-0.07466772943735123,0.996834933757782,-0.027292421087622643,-0.19126255810260773,-0.041176456958055496,-0.9806748628616333
300,1650637462.801847,-35.35398864746094,-212.70359802246094,1544.842529296875,-0.9783466458320618,-0.057009242475032806,0.1989668607711792,-0.06293386965990067,0.9977391958236694,-0.023575713858008385,-0.19717299938201904,-0.03558697551488876,-0.9797226190567017
300,1650637462.8322837,-53.634925842285156,-188.66966247558594,1540.1556396484375,-0.05848384276032448,0.7934370040893555,0.6058360934257507,-0.6935713887214661,-0.46878376603126526,0.5469922423362732,0.7180100083351135,-0.3882003724575043,0.5777214765548706
4,1650637462.8323114,-105.63581848144531,-217.6439208984375,1530.0858154296875,-0.0017025524284690619,0.7356109619140625,-0.6774020791053772,-0.7356158494949341,-0.4597926437854767,-0.49745357036590576,-0.677396833896637,0.4974607527256012,0.54190993309021
300,1650637462.8926034,-53.70195770263672,-188.70657348632812,1540.4017333984375,-0.05830727517604828,0.7932858467102051,0.606050968170166,-0.6933802962303162,-0.46893733739852905,0.5471028685569763,0.718208909034729,-0.38832372426986694,0.5773912072181702
4,1650637462.892631,-105.7190170288086,-217.1563720703125,1530.089111328125,-0.0013763565802946687,0.736193060874939,-0.6767701506614685,-0.7332603931427002,-0.4609113931655884,-0.4998898506164551,-0.6799465417861938,0.49556073546409607,0.5404555797576904
300,1650637462.9222965,-53.65901184082031,-188.7053985595703,1540.421142578125,-0.058071039617061615,0.793291449546814,0.6060663461685181,-0.6931276917457581,-0.46895352005958557,0.5474089980125427,0.7184718251228333,-0.3882927894592285,0.5770848989486694
4,1650637462.922325,-105.6150131225586,-217.55203247070312,1530.4632568359375,-0.0008935346850194037,0.7371587753295898,-0.6757189631462097,-0.7360243797302246,-0.45791611075401306,-0.4985789358615875,-0.676954448223114,0.49690011143684387,0.5429760217666626
300,1650637462.9580586,-53.625572204589844,-188.67782592773438,1540.3525390625,-0.05830893665552139,0.7934907674789429,0.6057825088500977,-0.693179726600647,-0.4688614308834076,0.5474219918251038,0.7184023857116699,-0.3879965543746948,0.5773705244064331
4,1650637462.958096,-105.81243133544922,-218.25714111328125,1530.8460693359375,-0.0010321541922166944,0.7406290769577026,-0.6719133257865906,-0.7408916354179382,-0.451839804649353,-0.49691078066825867,-0.6716237664222717,0.4973020851612091,0.5491922497749329
300,1650637463.001951,-53.682395935058594,-188.68435668945312,1540.383056640625,-0.05821298435330391,0.7933626770973206,0.6059595346450806,-0.6930168867111206,-0.4690183401107788,0.5474937558174133,0.7185671925544739,-0.38806891441345215,0.5771166682243347
4,1650637463.0019786,-106.60535430908203,-218.87156677246094,1531.132080078125,-0.005020174663513899,0.7445403933525085,-0.6675585508346558,-0.7448950409889221,-0.4481657147407532,-0.4942457377910614,-0.6671627759933472,0.49477988481521606,0.5568543076515198
300,1650637463.0288055,-53.684627532958984,-188.68902587890625,1540.499755859375,-0.05808333680033684,0.7930803894996643,0.6063413619995117,-0.6932299137115479,-0.46909481287002563,0.547158420085907,0.7183721661567688,-0.3885532021522522,0.5770336389541626
4,1650637463.0288334,-107.5465087890625,-218.8776092529297,1530.9942626953125,-0.010044566355645657,0.7458627820014954,-0.6660239100456238,-0.744352400302887,-0.450333833694458,-0.4930912256240845,-0.6677114963531494,0.490803599357605,0.5597081184387207
300,1650637463.0657804,-53.64418411254883,-188.70066833496094,1540.5479736328125,-0.058005835860967636,0.793067991733551,0.6063649654388428,-0.6935626864433289,-0.4688880443572998,0.5469139218330383,0.7180572152137756,-0.3888278901576996,0.5772405862808228
4,1650637463.0658064,-108.76602935791016,-218.4215087890625,1530.4151611328125,-0.016670571640133858,0.7509135007858276,-0.6601901054382324,-0.7420092821121216,-0.4518618881702423,-0.4952201843261719,-0.6701822876930237,0.48161160945892334,0.5647175908088684
300,1650637463.1115956,-53.642974853515625,-188.67892456054688,1540.4241943359375,-0.05800425633788109,0.7930941581726074,0.6063308715820312,-0.6931344866752625,-0.469095379114151,0.5472788214683533,0.7184706926345825,-0.3885243237018585,0.5769304633140564
4,1650637463.111624,-110.02207946777344,-216.81326293945312,1529.185302734375,-0.017495468258857727,0.7674593925476074,-0.6408588290214539,-0.7370604276657104,-0.442996621131897,-0.5103880763053894,-0.6756003499031067,0.46342217922210693,0.5734143257141113
300,1650637463.177078,-53.643150329589844,-188.71153259277344,1540.5516357421875,-0.05791109800338745,0.7928879857063293,0.6066093444824219,-0.6931480765342712,-0.4692285656929016,0.5471473932266235,0.7184650897979736,-0.3887841999530792,0.576762318611145
4,1650637463.1771061,-110.92642211914062,-214.3651123046875,1527.7615966796875,-0.014104045927524567,0.7866400480270386,-0.6172508001327515,-0.7315569519996643,-0.4289412200450897,-0.5299376249313354,-0.6816344857215881,0.44407984614372253,0.58152174949646
300,1650637463.2180617,-53.63418197631836,-188.70098876953125,1540.6143798828125,-0.057673241943120956,0.7923781871795654,0.6072977781295776,-0.6936964988708496,-0.46927446126937866,0.5464125275611877,0.717954695224762,-0.38976696133613586,0.5767345428466797
4,1650637463.2180896,-110.77449798583984,-213.94773864746094,1527.6175537109375,-0.014795281924307346,0.7848899364471436,-0.6194584965705872,-0.7292407751083374,-0.4323329031467438,-0.5303735733032227,-0.6840972304344177,0.4438873827457428,0.5787702798843384
300,1650637463.244396,-53.63496780395508,-188.6983642578125,1540.5947265625,-0.05770030617713928,0.7926530241966248,0.6069364547729492,-0.6935279965400696,-0.4691316783428192,0.5467489361763,0.7181153297424316,-0.3893798291683197,0.5767961144447327
4,1650637463.244424,-110.64024353027344,-213.97987365722656,1527.65185546875,-0.015910644084215164,0.7817779779434204,-0.6233538389205933,-0.7276215553283691,-0.43665358424186707,-0.5290562510490417,-0.6857942342758179,0.4451480805873871,0.5757859945297241
300,1650637463.2819543,-53.641990661621094,-188.70286560058594,1540.560302734375,-0.057781752198934555,0.7926070690155029,0.6069887280464172,-0.6931894421577454,-0.46939632296562195,0.5469510555267334,0.7184355854988098,-0.3891543745994568,0.5765494108200073
4,1650637463.2819824,-110.1676254272461,-214.47854614257812,1528.000732421875,-0.017767667770385742,0.7705443501472473,-0.6371386647224426,-0.7269718050956726,-0.44744986295700073,-0.520865261554718,-0.6864374279975891,0.45392727851867676,0.568114161491394
300,1650637463.3277202,-53.66426467895508,-188.70437622070312,1540.6075439453125,-0.05775487795472145,0.792940616607666,0.6065554618835449,-0.693233072757721,-0.4690588414669037,0.5471853017807007,0.7183956503868103,-0.3888816833496094,0.5767830610275269
4,1650637463.3277478,-109.31428527832031,-215.61203002929688,1528.9056396484375,-0.020643148571252823,0.7517485022544861,-0.6591266989707947,-0.7273990511894226,-0.46358340978622437,-0.5059457421302795,-0.6859041452407837,0.469003826379776,0.5563910007476807
300,1650637463.3932285,-53.6700325012207,-188.69076538085938,1540.607421875,-0.05763940140604973,0.7926539182662964,0.6069411039352417,-0.6933730244636536,-0.46918511390686035,0.5468995571136475,0.7182698249816895,-0.38931360840797424,0.5766484141349792
4,1650637463.393257,-108.2249755859375,-217.3848114013672,1530.1875,-0.025470590218901634,0.7268301248550415,-0.6863448023796082,-0.731169581413269,-0.48174360394477844,-0.48302605748176575,-0.6817201375961304,0.4895314872264862,0.5437063574790955
300,1650637463.4343262,-53.6806526184082,-188.6842498779297,1540.634521484375,-0.05768970772624016,0.7926444411277771,0.6069486141204834,-0.6934669613838196,-0.4691672921180725,0.5467957854270935,0.7181751132011414,-0.38935431838035583,0.5767388343811035
4,1650637463.434354,-107.30323028564453,-218.4709930419922,1531.068359375,-0.02579016052186489,0.7118670344352722,-0.7018405795097351,-0.7336321473121643,-0.490384966135025,-0.4704321622848511,-0.679057240486145,0.5027603507041931,0.534895658493042
300,1650637463.462271,-53.68240737915039,-188.68431091308594,1540.633056640625,-0.05777806043624878,0.7927885055541992,0.6067520976066589,-0.6931533217430115,-0.46925053000450134,0.5471219420433044,0.7184706926345825,-0.388960599899292,0.5766363739967346
4,1650637463.4622962,-107.76210021972656,-218.4324493408203,1531.0809326171875,-0.0252197477966547,0.7186368107795715,-0.6949281096458435,-0.7351486682891846,-0.48440155386924744,-0.47424840927124023,-0.6774366497993469,0.49891504645347595,0.5405213832855225
300,1650637463.4983623,-53.6860466003418,-188.6917724609375,1540.624267578125,-0.05771481245756149,0.792830228805542,0.6067035794258118,-0.6927821040153503,-0.4693828523159027,0.5474784970283508,0.7188337445259094,-0.3887157440185547,0.5763489603996277
4,1650637463.4983902,-108.79780578613281,-217.7442169189453,1530.6090087890625,-0.021980497986078262,0.7410165071487427,-0.6711269617080688,-0.7377504110336304,-0.4650609493255615,-0.4893287718296051,-0.6747156381607056,0.4843684732913971,0.5569075345993042
300,1650637463.544429,-53.68688201904297,-188.68060302734375,1540.64306640625,-0.05756446719169617,0.7927204370498657,0.6068612933158875,-0.6931171417236328,-0.46922722458839417,0.5471877455711365,0.7185227870941162,-0.3891274034976959,0.5764589309692383
4,1650637463.5444577,-110.86942291259766,-215.8851318359375,1529.168212890625,-0.016665788367390633,0.7798362374305725,-0.6257616877555847,-0.7379215359687805,-0.431899756193161,-0.5185888409614563,-0.6746807098388672,0.45312032103538513,0.5826559066772461
300,1650637463.5741165,-53.6708869934082,-188.67616271972656,1540.63623046875,-0.05763234198093414,0.792594313621521,0.6070196032524109,-0.693027913570404,-0.4694223999977112,0.5471333861351013,0.7186033725738525,-0.3891489505767822,0.5763438940048218
4,1650637463.5741417,-111.4426498413086,-214.76722717285156,1528.43896484375,-0.014626072719693184,0.7928871512413025,-0.609192967414856,-0.7368682026863098,-0.4203754961490631,-0.5294428467750549,-0.6758782267570496,0.4411512315273285,0.5904017686843872
300,1650637463.6094532,-53.67526626586914,-188.67825317382812,1540.6788330078125,-0.05752769485116005,0.7925239205360413,0.6071214079856873,-0.6930844187736511,-0.46940410137176514,0.547077476978302,0.7185572981834412,-0.3893142640590668,0.576289713382721
4,1650637463.6094816,-112.1106948852539,-213.57330322265625,1527.707763671875,-0.013965650461614132,0.8023056983947754,-0.5967499613761902,-0.7344030141830444,-0.4132459759712219,-0.5384050011634827,-0.6785699129104614,0.4307357966899872,0.5949869751930237
300,1650637463.6573408,-53.67233657836914,-188.67848205566406,1540.7900390625,-0.05746708810329437,0.7922074794769287,0.6075399518013,-0.6932432055473328,-0.46957340836524963,0.5467309355735779,0.7184089422225952,-0.38975390791893005,0.5761774778366089
4,1650637463.6573665,-113.17424774169922,-212.557861328125,1527.0828857421875,-0.02046072483062744,0.8079643845558167,-0.588875949382782,-0.7293513417243958,-0.4149239957332611,-0.5439528226852417,-0.6838333010673523,0.41836780309677124,0.5977795720100403
300,1650637463.6852727,-53.65591812133789,-188.70443725585938,1540.8751220703125,-0.057310424745082855,0.7923218607902527,0.6074056625366211,-0.6930044889450073,-0.4695234000682831,0.547076404094696,0.7186517119407654,-0.3895816504955292,0.575991153717041
4,1650637463.6852996,-112.6817626953125,-212.688232421875,1527.3433837890625,-0.023726824671030045,0.7983957529067993,-0.6016654372215271,-0.7269747853279114,-0.4269070625305176,-0.5378270745277405,-0.68625408411026,0.4246346950531006,0.590542733669281
300,1650637463.7194047,-53.63060760498047,-188.7155303955078,1540.91845703125,-0.057135842740535736,0.7924306392669678,0.6072801351547241,-0.6929326057434082,-0.46937909722328186,0.5472912192344666,0.7187349200248718,-0.3895342946052551,0.5759193897247314
4,1650637463.7194333,-112.12419891357422,-213.25917053222656,1527.7840576171875,-0.028400687500834465,0.7853484749794006,-0.6184021234512329,-0.7247998714447021,-0.4422147870063782,-0.5283098220825195,-0.688373863697052,0.43321341276168823,0.5817796587944031
300,1650637463.7652516,-53.64130783081055,-188.71060180664062,1540.9332275390625,-0.05687280744314194,0.7922328114509583,0.6075628399848938,-0.6929232478141785,-0.46943387389183044,0.5472560524940491,0.7187647819519043,-0.38987046480178833,0.5756545662879944
4,1650637463.7652798,-109.69082641601562,-214.58428955078125,1529.1224365234375,-0.02993175759911537,0.7511424422264099,-0.659461259841919,-0.7223048210144043,-0.4723021984100342,-0.5051795840263367,-0.6909268498420715,0.46121111512184143,0.5566906332969666
300,1650637463.794976,-53.61594772338867,-188.70770263671875,1540.963134765625,-0.05691260099411011,0.7920513153076172,0.6077957153320312,-0.6929469704627991,-0.46960389614105225,0.5470801591873169,0.7187387943267822,-0.3900344669818878,0.5755759477615356
4,1650637463.795004,-108.93894958496094,-215.34457397460938,1529.732666015625,-0.0343506895005703,0.7339500188827515,-0.6783342361450195,-0.7215306162834167,-0.48785510659217834,-0.4913156032562256,-0.6915299296379089,0.47256189584732056,0.5463255643844604
300,1650637463.827346,-53.59099197387695,-188.7102508544922,1540.974853515625,-0.05690022557973862,0.7918932437896729,0.608002781867981,-0.6928848624229431,-0.4697737991809845,0.5470129251480103,0.7187996506690979,-0.390150785446167,0.5754210948944092
4,1650637463.827374,-109.14149475097656,-215.500244140625,1529.8497314453125,-0.036985792219638824,0.7303456664085388,-0.6820756793022156,-0.7201328873634338,-0.492702454328537,-0.48852118849754333,-0.6928496956825256,0.47311678528785706,0.5441688895225525
300,1650637463.8553162,-53.59693908691406,-188.72296142578125,1540.9482421875,-0.05679355934262276,0.7925188541412354,0.607197105884552,-0.692599892616272,-0.4693125784397125,0.5477691888809204,0.7190826535224915,-0.38943490386009216,0.5755524039268494
4,1650637463.8553417,-109.41101837158203,-215.52088928222656,1529.7996826171875,-0.03939375653862953,0.7298993468284607,-0.6824185848236084,-0.7196873426437378,-0.49449971318244934,-0.4873604476451874,-0.6931798458099365,0.47192904353141785,0.5447794795036316
300,1650637463.891401,-53.613677978515625,-188.72280883789062,1540.971435546875,-0.056729841977357864,0.7925876975059509,0.607113242149353,-0.6924224495887756,-0.46931543946266174,0.5479910373687744,0.7192585468292236,-0.389291375875473,0.5754296779632568
4,1650637463.8914297,-112.19561004638672,-213.22079467773438,1528.181396484375,-0.0386975072324276,0.7669366002082825,-0.6405550241470337,-0.7182824611663818,-0.46699419617652893,-0.5157389640808105,-0.6946746110916138,0.4401416480541229,0.5689486265182495
4,1650637463.9372487,-116.03716278076172,-208.92474365234375,1525.269287109375,-0.03185813128948212,0.826026439666748,-0.5627302527427673,-0.7129501104354858,-0.4133686125278473,-0.5664172768592834,-0.7004906535148621,0.38315364718437195,0.6020848155021667
300,1650637463.9372766,-53.60808563232422,-188.7508544921875,1541.0120849609375,-0.05698855593800545,0.7927981615066528,0.6068140864372253,-0.6922323703765869,-0.469354510307312,0.5481976866722107,0.7194210290908813,-0.38881537318229675,0.5755484104156494
4,1650637463.9650433,-118.4530029296875,-206.65359497070312,1523.699462890625,-0.029950972646474838,0.855249285697937,-0.5173505544662476,-0.7101631164550781,-0.382438600063324,-0.5911083817481995,-0.7033998370170593,0.3496990203857422,0.6188209056854248
300,1650637463.965069,-53.59149932861328,-188.7514190673828,1541.028076171875,-0.05672813206911087,0.792511522769928,0.6072128415107727,-0.6923506259918213,-0.46942222118377686,0.5479903221130371,0.7193278074264526,-0.38931775093078613,0.5753253102302551
4,1650637463.9990187,-119.37493133544922,-206.00038146972656,1523.1787109375,-0.03474409133195877,0.8629595041275024,-0.504077136516571,-0.7088309526443481,-0.37684115767478943,-0.5962796807289124,-0.7045221924781799,0.3365882933139801,0.6247853636741638
300,1650637463.9990463,-53.57124710083008,-188.75746154785156,1541.0045166015625,-0.05691571161150932,0.7929357886314392,0.6066410541534424,-0.6919471025466919,-0.46934863924980164,0.54856276512146,0.7197012305259705,-0.38854166865348816,0.5753829479217529
4,1650637464.0447848,-119.45325469970703,-206.5008087158203,1523.4862060546875,-0.041580360382795334,0.8551701903343201,-0.5166769027709961,-0.7086805105209351,-0.3897705078125,-0.5880908370018005,-0.7043032050132751,0.3417058289051056,0.6222492456436157
300,1650637464.0448124,-53.575069427490234,-188.75498962402344,1541.0872802734375,-0.056754421442747116,0.7928310632705688,0.6067931056022644,-0.6920931935310364,-0.4692856967449188,0.5484322309494019,0.719573438167572,-0.3888314366340637,0.5753470063209534
4,1650637464.075481,-118.00276184082031,-207.34619140625,1524.143310546875,-0.044313233345746994,0.8392701148986816,-0.54190593957901,-0.7088658809661865,-0.4086403250694275,-0.5749106407165527,-0.7039499282836914,0.3586624562740326,0.6130381226539612
300,1650637464.0755346,-53.57783126831055,-188.74725341796875,1541.1636962890625,-0.056631699204444885,0.7920049428939819,0.6078823804855347,-0.6923819780349731,-0.46981489658355713,0.5476140379905701,0.7193052768707275,-0.38987451791763306,0.57497638463974
300,1650637464.112405,-53.540306091308594,-188.75949096679688,1541.2020263671875,-0.056277528405189514,0.7920584082603455,0.6078456044197083,-0.6922323107719421,-0.46967482566833496,0.5479233264923096,0.7194770574569702,-0.38993462920188904,0.5747206211090088
4,1650637464.1124322,-115.6208267211914,-209.6503448486328,1525.746337890625,-0.05190856382250786,0.8059895038604736,-0.5896494388580322,-0.7095403671264648,-0.4452616274356842,-0.5461634397506714,-0.7027502655982971,0.39002951979637146,0.5949949622154236
300,1650637464.1382859,-53.497928619384766,-188.76620483398438,1541.218505859375,-0.0562884621322155,0.7924809455871582,0.6072936654090881,-0.6918978691101074,-0.4694800078868866,0.5485123991966248,0.7197978496551514,-0.3893102705478668,0.5747421979904175
4,1650637464.138313,-115.03702545166016,-211.062744140625,1526.6795654296875,-0.05748594179749489,0.7865889072418213,-0.6147952675819397,-0.7108138203620911,-0.4646652042865753,-0.5280435681343079,-0.7010272145271301,0.4066498875617981,0.5858299732208252
300,1650637464.1779242,-53.535064697265625,-188.75169372558594,1541.257568359375,-0.05607370287179947,0.7918120622634888,0.608185350894928,-0.6919823884963989,-0.46993276476860046,0.5480178594589233,0.7197333574295044,-0.3901241719722748,0.5742709040641785
4,1650637464.1779518,-113.19168853759766,-212.5657196044922,1527.9423828125,-0.0584762841463089,0.7610692977905273,-0.6460294723510742,-0.7114153504371643,-0.48575910925865173,-0.5078644752502441,-0.7003347277641296,0.4298972189426422,0.569841742515564
300,1650637464.2236183,-53.554203033447266,-188.76084899902344,1541.3084716796875,-0.055972300469875336,0.7922032475471497,0.6076850295066833,-0.6920102834701538,-0.4695153832435608,0.5483403205871582,0.7197144627571106,-0.38983240723609924,0.5744926333427429
4,1650637464.2236466,-112.4171371459961,-213.58889770507812,1528.821044921875,-0.058931685984134674,0.7469441890716553,-0.6622698903083801,-0.7122825980186462,-0.49627843499183655,-0.49634790420532227,-0.6994144320487976,0.4424726963043213,0.5612818598747253
300,1650637464.2691,-53.518714904785156,-188.77001953125,1541.4237060546875,-0.05589509382843971,0.7923542857170105,0.6074951887130737,-0.6920428276062012,-0.46932366490364075,0.5484633445739746,0.719689130783081,-0.3897562623023987,0.5745760202407837
4,1650637464.2691274,-111.9486312866211,-214.3606414794922,1529.479736328125,-0.05728790909051895,0.7460150718688965,-0.6634603142738342,-0.7148846387863159,-0.4945354759693146,-0.4943425953388214,-0.6968916654586792,0.44597771763801575,0.5616456270217896
300,1650637464.2985978,-53.5106201171875,-188.79209899902344,1541.3948974609375,-0.05591459199786186,0.7921807765960693,0.6077196598052979,-0.6919631361961365,-0.4695330262184143,0.5483847260475159,0.7197642922401428,-0.38985690474510193,0.5744135975837708
4,1650637464.2986243,-111.87364196777344,-213.9020233154297,1529.210693359375,-0.053855717182159424,0.7503834366798401,-0.6588051915168762,-0.7140107154846191,-0.4901624023914337,-0.4999295175075531,-0.6980603337287903,0.44346991181373596,0.5621798634529114
300,1650637464.3332112,-53.54948043823242,-188.7744903564453,1541.3133544921875,-0.05595098063349724,0.7919638156890869,0.6079990267753601,-0.6923028230667114,-0.4695623219013214,0.5479306578636169,0.7194346785545349,-0.3902622163295746,0.5745512247085571
4,1650637464.3332396,-112.19801330566406,-211.8006591796875,1527.814453125,-0.048768430948257446,0.7621061205863953,-0.6456128358840942,-0.710425615310669,-0.480819970369339,-0.5139140486717224,-0.7020805478096008,0.4335971176624298,0.5648685097694397
300,1650637464.3808346,-53.51329040527344,-188.7850799560547,1541.2286376953125,-0.05608665570616722,0.7927327156066895,0.6069836616516113,-0.691906213760376,-0.4691493809223175,0.5487847328186035,0.7198055982589722,-0.3891962468624115,0.5748096704483032
4,1650637464.3808615,-112.33648681640625,-209.6929168701172,1526.2669677734375,-0.047717783600091934,0.766865611076355,-0.6400313973426819,-0.7021357417106628,-0.4814951419830322,-0.5245643854141235,-0.7104424238204956,0.4243578612804413,0.5614196062088013
4,1650637464.408542,-113.05724334716797,-208.5987548828125,1525.4998779296875,-0.04772978648543358,0.7741943597793579,-0.631145715713501,-0.6984639763832092,-0.4775684177875519,-0.5329882502555847,-0.7140517830848694,0.4153931438922882,0.5635411143302917
300,1650637464.4085696,-53.482757568359375,-188.808349609375,1541.2530517578125,-0.05615627393126488,0.7926095724105835,0.6071379780769348,-0.6921858787536621,-0.4691433906555176,0.5484370589256287,0.719531238079071,-0.3894541561603546,0.5749785304069519
4,1650637464.4444985,-114.04104614257812,-207.72039794921875,1524.696044921875,-0.04978233948349953,0.7775659561157227,-0.6268276572227478,-0.6955468654632568,-0.47738826274871826,-0.5369496941566467,-0.7167539596557617,0.4092574119567871,0.5645990967750549
300,1650637464.4445245,-53.511505126953125,-188.82196044921875,1541.2305908203125,-0.056207325309515,0.7923808097839355,0.6074317693710327,-0.6920403838157654,-0.4694536626338959,0.5483551621437073,0.7196671962738037,-0.389545738697052,0.5747462511062622
4,1650637464.49004,-114.64347076416016,-206.70578002929688,1523.760986328125,-0.05018496885895729,0.7820901274681091,-0.621141254901886,-0.6939372420310974,-0.4745878577232361,-0.5414955615997314,-0.7182844281196594,0.40385815501213074,0.5665386915206909
300,1650637464.4900682,-53.553436279296875,-188.7874755859375,1541.122802734375,-0.05649130418896675,0.7925590872764587,0.6071728467941284,-0.6922109127044678,-0.4693392217159271,0.5482378602027893,0.7194809317588806,-0.3893209993839264,0.5751315951347351
4,1650637464.519449,-114.58639526367188,-205.89016723632812,1523.1826171875,-0.04651135951280594,0.786750316619873,-0.6155166029930115,-0.6914107203483582,-0.4700824022293091,-0.5486107468605042,-0.720963180065155,0.4000581204891205,0.5658317804336548
300,1650637464.5194762,-53.53165817260742,-188.78656005859375,1541.0628662109375,-0.0565212182700634,0.7925203442573547,0.6072205901145935,-0.692351758480072,-0.46931254863739014,0.5480828285217285,0.7193430662155151,-0.3894319236278534,0.5752289295196533
4,1650637464.5558612,-114.84037780761719,-204.76490783691406,1522.4993896484375,-0.04329945519566536,0.7941007018089294,-0.6062419414520264,-0.6879000663757324,-0.46375226974487305,-0.558325469493866,-0.7245126962661743,0.39285868406295776,0.5663421154022217
300,1650637464.5558877,-53.51998519897461,-188.80711364746094,1541.0552978515625,-0.05646681785583496,0.7924753427505493,0.6072843670845032,-0.6925259232521057,-0.4692322313785553,0.5479314923286438,0.719179630279541,-0.38962024450302124,0.5753058195114136
4,1650637464.5996678,-115.90509033203125,-203.96202087402344,1521.832763671875,-0.04311782866716385,0.8019765615463257,-0.5957973003387451,-0.6856244206428528,-0.4575115442276001,-0.5662175416946411,-0.7266773581504822,0.38407909870147705,0.5695816278457642
300,1650637464.5996947,-53.601402282714844,-188.77642822265625,1540.9405517578125,-0.056856028735637665,0.7925510406494141,0.6071492433547974,-0.6925844550132751,-0.46932244300842285,0.5477802753448486,0.719092607498169,-0.3893575370311737,0.5755923390388489
4,1650637464.6261504,-115.95391082763672,-204.45291137695312,1521.9808349609375,-0.04606775939464569,0.7991732954978943,-0.5993328094482422,-0.6865171194076538,-0.4611611068248749,-0.5621606707572937,-0.725652813911438,0.3855547606945038,0.5698907971382141
300,1650637464.6261773,-53.59861755371094,-188.79417419433594,1540.892578125,-0.056916989386081696,0.7927896976470947,0.6068319082260132,-0.6927906274795532,-0.46902522444725037,0.547774076461792,0.7188891172409058,-0.38922983407974243,0.5759328007698059
4,1650637464.6656716,-116.07543182373047,-205.6863250732422,1522.3955078125,-0.04952702671289444,0.7962538599967957,-0.6029318571090698,-0.6885799169540405,-0.4644956886768341,-0.5568675398826599,-0.7234671711921692,0.3875868022441864,0.5712895393371582
300,1650637464.6656985,-53.54024124145508,-188.82192993164062,1540.8670654296875,-0.0568220280110836,0.7926200032234192,0.6070623993873596,-0.6928732395172119,-0.4690871834754944,0.5476166009902954,0.7188170552253723,-0.38950058817863464,0.575839638710022
4,1650637464.709642,-114.60467529296875,-207.15882873535156,1523.157470703125,-0.04635576531291008,0.7810802459716797,-0.6227076649665833,-0.689017117023468,-0.47635143995285034,-0.5462093949317932,-0.7232610583305359,0.40373626351356506,0.5602592825889587
300,1650637464.7096698,-53.566551208496094,-188.80113220214844,1540.710205078125,-0.056986380368471146,0.792376697063446,0.6073645353317261,-0.6930573582649231,-0.46928703784942627,0.5472121834754944,0.7186264991760254,-0.3897548317909241,0.5759055018424988
4,1650637464.7748966,-113.14739990234375,-208.14669799804688,1523.484619140625,-0.03808996081352234,0.770818293094635,-0.6359152793884277,-0.6907200217247009,-0.4801826775074005,-0.540675938129425,-0.7221184372901917,0.41864511370658875,0.5507097840309143
300,1650637464.7749243,-53.61423873901367,-188.79197692871094,1540.4375,-0.05740218982100487,0.7927873730659485,0.6067891716957092,-0.6936714053153992,-0.46878713369369507,0.5468625426292419,0.7180006504058838,-0.38952121138572693,0.5768433809280396
300,1650637464.8161893,-53.5557746887207,-188.78073120117188,1540.3724365234375,-0.0575745552778244,0.7927433848381042,0.606830358505249,-0.6938332319259644,-0.46882322430610657,0.5466262698173523,0.7178305387496948,-0.3895672857761383,0.577023983001709
4,1650637464.8162162,-111.57134246826172,-210.00416564941406,1524.441162109375,-0.04023679345846176,0.743608832359314,-0.6674031615257263,-0.6913434267044067,-0.5029675960540771,-0.5187175273895264,-0.7214050889015198,0.44053322076797485,0.5343268513679504
300,1650637464.8428242,-53.57781982421875,-188.79342651367188,1540.303466796875,-0.057836420834064484,0.793262779712677,0.6061263084411621,-0.6935656666755676,-0.4686279296875,0.5471330285072327,0.71806800365448,-0.38874417543411255,0.5772835612297058
4,1650637464.8428514,-111.24925231933594,-211.6204833984375,1525.0970458984375,-0.045827947556972504,0.7265629768371582,-0.6855698227882385,-0.6944422125816345,-0.5165067315101624,-0.5009698867797852,-0.7180876135826111,0.45313021540641785,0.5282264351844788
300,1650637464.880348,-53.606292724609375,-188.78909301757812,1540.1851806640625,-0.058259472250938416,0.7936514616012573,0.605576753616333,-0.6935399770736694,-0.46849745512008667,0.5472772717475891,0.7180585861206055,-0.38810762763023376,0.5777234435081482
4,1650637464.8803766,-112.05531311035156,-213.3839874267578,1525.552001953125,-0.0532086081802845,0.7224288582801819,-0.6893949508666992,-0.7020605206489563,-0.5180110931396484,-0.48864662647247314,-0.7101266384124756,0.45799678564071655,0.5347514748573303
300,1650637464.9261303,-53.57453155517578,-188.7955780029297,1540.191650390625,-0.05817536264657974,0.7936890721321106,0.6055355668067932,-0.6935248374938965,-0.4684305489063263,0.5473537445068359,0.7180799841880798,-0.3881114423274994,0.5776942372322083
4,1650637464.926159,-111.81830596923828,-214.9359130859375,1526.4178466796875,-0.055201444774866104,0.7113233804702759,-0.7006938457489014,-0.7058765292167664,-0.5241305828094482,-0.4764719009399414,-0.7061806917190552,0.468301385641098,0.5310392379760742
300,1650637464.9525018,-53.573055267333984,-188.79953002929688,1540.2122802734375,-0.05798392742872238,0.7936968803405762,0.6055436134338379,-0.6935308575630188,-0.4683266580104828,0.5474349856376648,0.7180896997451782,-0.38822075724601746,0.5776087045669556
4,1650637464.9525282,-110.71265411376953,-215.5994415283203,1527.09814453125,-0.052631307393312454,0.6958452463150024,-0.7162606716156006,-0.7060641050338745,-0.5331509113311768,-0.46607255935668945,-0.7061893939971924,0.48119592666625977,0.519371747970581
300,1650637464.9916096,-53.57014846801758,-188.79751586914062,1540.2706298828125,-0.05805891752243042,0.7936030626296997,0.6056594252586365,-0.6934635639190674,-0.468484491109848,0.5473852157592773,0.7181486487388611,-0.3882221281528473,0.5775344967842102
4,1650637464.991637,-108.26744842529297,-217.87115478515625,1528.9752197265625,-0.05396898463368416,0.65312260389328,-0.7553265690803528,-0.7092794179916382,-0.5575124621391296,-0.43139609694480896,-0.7028585076332092,0.5124555230140686,0.4933348000049591
300,1650637465.0373595,-53.533973693847656,-188.7996063232422,1540.41064453125,-0.0578121617436409,0.7930880188941956,0.6063572764396667,-0.6934681534767151,-0.4688265919685364,0.5470864176750183,0.7181640863418579,-0.3888612389564514,0.5770851373672485
4,1650637465.037388,-108.4311294555664,-218.57066345214844,1529.4034423828125,-0.05934217572212219,0.6464217305183411,-0.7606690526008606,-0.7115820050239563,-0.5618135333061218,-0.42192021012306213,-0.7000925540924072,0.5162407755851746,0.4933212995529175
300,1650637465.0672786,-53.532073974609375,-188.8142852783203,1540.45703125,-0.05771155282855034,0.7930650115013123,0.6063969135284424,-0.6934142708778381,-0.46882733702659607,0.5471540689468384,0.7182242274284363,-0.38890716433525085,0.576979398727417
4,1650637465.067306,-108.7977066040039,-218.03802490234375,1529.118408203125,-0.058499373495578766,0.653172492980957,-0.7549460530281067,-0.7109717130661011,-0.5581298470497131,-0.42779701948165894,-0.7007831335067749,0.5117194056510925,0.497037410736084
300,1650637465.1016564,-53.547393798828125,-188.80528259277344,1540.51025390625,-0.05769648030400276,0.7930927276611328,0.6063621044158936,-0.6935716271400452,-0.4687097668647766,0.5470553636550903,0.7180734872817993,-0.38899239897727966,0.5771095156669617
4,1650637465.1016853,-109.54302978515625,-216.42604064941406,1528.1636962890625,-0.057653412222862244,0.6670566201210022,-0.7427728772163391,-0.7058237791061401,-0.5534096360206604,-0.4422110617160797,-0.7060374617576599,0.4987717568874359,0.5027303695678711
300,1650637465.1472912,-53.60643005371094,-188.7618408203125,1540.578857421875,-0.05743427202105522,0.792826235294342,0.6067354083061218,-0.693759560585022,-0.4687199890613556,0.5468082427978516,0.7179129123687744,-0.3895229697227478,0.5769513845443726
4,1650637465.147319,-110.95381927490234,-213.90150451660156,1526.682861328125,-0.060468051582574844,0.6857162714004517,-0.7253528833389282,-0.6978434920310974,-0.5486207604408264,-0.46046683192253113,-0.7136932611465454,0.478339284658432,0.5116966366767883
300,1650637465.1930299,-53.64527130126953,-188.746826171875,1540.5164794921875,-0.057611338794231415,0.7932254076004028,0.6061966419219971,-0.6931051015853882,-0.4688009023666382,0.5475683212280273,0.7185306549072266,-0.3886118233203888,0.57679682970047
4,1650637465.1930578,-111.61299896240234,-212.26463317871094,1525.8277587890625,-0.061042770743370056,0.6981050968170166,-0.7133884429931641,-0.6940621733665466,-0.5433310270309448,-0.4723018705844879,-0.7173224091529846,0.46630531549453735,0.5176947712898254
300,1650637465.2196672,-53.68343734741211,-188.70748901367188,1540.4981689453125,-0.057532794773578644,0.7930206060409546,0.6064720153808594,-0.6932110786437988,-0.46889010071754456,0.5473577380180359,0.7184346914291382,-0.3889220952987671,0.5767071843147278
4,1650637465.2196941,-111.98204803466797,-212.28567504882812,1525.7994384765625,-0.06283502280712128,0.6981993317604065,-0.7131405472755432,-0.6953465938568115,-0.5432038307189941,-0.4705558121204376,-0.7159224152565002,0.466312438249588,0.5196227431297302
300,1650637465.2585344,-53.74854278564453,-188.62644958496094,1540.37548828125,-0.057628847658634186,0.7927026748657227,0.606878399848938,-0.6932733058929443,-0.4691900610923767,0.547021746635437,0.7183669209480286,-0.3892083764076233,0.5765985250473022
4,1650637465.2585611,-113.4140396118164,-212.8579864501953,1525.7132568359375,-0.0698745921254158,0.707619309425354,-0.7031304836273193,-0.699935793876648,-0.5370005965232849,-0.4708717465400696,-0.7107794284820557,0.4592442214488983,0.5328108072280884
300,1650637465.304076,-53.699684143066406,-188.62403869628906,1540.4075927734375,-0.057556599378585815,0.7924861907958984,0.6071678996086121,-0.6932753920555115,-0.4693487584590912,0.5468829870223999,0.7183707356452942,-0.3894578516483307,0.5764252543449402
4,1650637465.3041036,-113.8742446899414,-214.72381591796875,1526.5418701171875,-0.07875759154558182,0.7053550481796265,-0.704465389251709,-0.7092168927192688,-0.5362572073936462,-0.4576456546783447,-0.7005773186683655,0.46357572078704834,0.5424840450286865
300,1650637465.3354185,-53.65847396850586,-188.69122314453125,1540.595703125,-0.057380206882953644,0.7926995158195496,0.6069060564041138,-0.693019688129425,-0.46920886635780334,0.547326922416687,0.7186315059661865,-0.389192134141922,0.5762796998023987
4,1650637465.3354447,-113.21238708496094,-215.84246826171875,1527.5694580078125,-0.07526428252458572,0.703535795211792,-0.7066630721092224,-0.7141773104667664,-0.5326050519943237,-0.4541834592819214,-0.6959066390991211,0.4704989492893219,0.5425354242324829
300,1650637465.3698106,-53.64192199707031,-188.70217895507812,1540.7369384765625,-0.05707859247922897,0.7929162383079529,0.6066513657569885,-0.6928730607032776,-0.46894535422325134,0.547738254070282,0.7187969088554382,-0.38906824588775635,0.5761570334434509
4,1650637465.369836,-112.03887939453125,-216.1783905029297,1528.2635498046875,-0.06770464032888412,0.7060652375221252,-0.7049028277397156,-0.7174618244171143,-0.5254148840904236,-0.45737043023109436,-0.6932997703552246,0.4747747480869293,0.5421478748321533
300,1650637465.4139569,-53.63294982910156,-188.68357849121094,1540.6185302734375,-0.05724228546023369,0.7925538420677185,0.6071093082427979,-0.6928012371063232,-0.4693911671638489,0.547447144985199,0.7188530564308167,-0.3892689645290375,0.575951337814331
4,1650637465.4139843,-110.50623321533203,-215.2725372314453,1528.2977294921875,-0.04862792417407036,0.7180854678153992,-0.6942539811134338,-0.7192163467407227,-0.5074895620346069,-0.47453364729881287,-0.693082332611084,0.4762432277202606,0.5411369800567627
300,1650637465.4597538,-53.662437438964844,-188.6792755126953,1540.577880859375,-0.057298693805933,0.7926508784294128,0.6069773435592651,-0.6929800510406494,-0.4692344069480896,0.5473552346229553,0.7186762094497681,-0.3892604112625122,0.576177716255188
4,1650637465.459781,-110.74239349365234,-213.3739471435547,1527.2822265625,-0.04033292084932327,0.7354726195335388,-0.6763529181480408,-0.7155361771583557,-0.49372419714927673,-0.4942108392715454,-0.6974103450775146,0.46402204036712646,0.5461705923080444
300,1650637465.4894276,-53.669002532958984,-188.687255859375,1540.6640625,-0.05723387375473976,0.7924599051475525,0.6072327494621277,-0.6928470730781555,-0.46944692730903625,0.5473412871360779,0.7188095450401306,-0.3893929719924927,0.5759217739105225
4,1650637465.489454,-111.35595703125,-212.43272399902344,1526.6417236328125,-0.04564456269145012,0.7349511981010437,-0.6765820980072021,-0.7100185751914978,-0.5002965927124023,-0.49555715918540955,-0.7027020454406738,0.4577663838863373,0.5446648001670837
300,1650637465.527128,-53.66984558105469,-188.68807983398438,1540.7376708984375,-0.057032834738492966,0.792070209980011,0.6077598333358765,-0.6931704878807068,-0.4695242941379547,0.5468652844429016,0.7185137271881104,-0.3900918662548065,0.5758180022239685
4,1650637465.5271554,-112.45226287841797,-211.79110717773438,1526.0758056640625,-0.05273636803030968,0.7354961633682251,-0.6754733324050903,-0.7048607468605042,-0.5065666437149048,-0.4965496361255646,-0.7073826193809509,0.4499284327030182,0.5451368689537048
300,1650637465.5744245,-53.651912689208984,-188.68890380859375,1540.66845703125,-0.05713370069861412,0.792422354221344,0.6072911620140076,-0.6929106712341309,-0.4693973958492279,0.5473032593727112,0.7187561988830566,-0.3895290791988373,0.5758963227272034
4,1650637465.5744507,-112.59998321533203,-210.9707489013672,1525.627197265625,-0.05067300796508789,0.7443476915359497,-0.6658669114112854,-0.7048115730285645,-0.49902141094207764,-0.5042006373405457,-0.707582414150238,0.4437613785266876,0.5499117970466614
300,1650637465.6022174,-53.601261138916016,-188.70303344726562,1540.7176513671875,-0.0572335422039032,0.7928816080093384,0.6066820025444031,-0.6926226019859314,-0.46918779611587524,0.547847330570221,0.7190259099006653,-0.38884642720222473,0.5760210156440735
4,1650637465.6022432,-112.31794738769531,-210.57351684570312,1525.566650390625,-0.04690218344330788,0.7482894062995911,-0.6617122888565063,-0.7034310102462769,-0.4950728416442871,-0.5099879503250122,-0.7092143297195435,0.4415494203567505,0.5495899319648743
300,1650637465.6346405,-53.488487243652344,-188.79739379882812,1540.982666015625,-0.056827202439308167,0.7925988435745239,0.6070895791053772,-0.6927055716514587,-0.46919962763786316,0.5477323532104492,0.718978226184845,-0.3894082009792328,0.5757009387016296
4,1650637465.634669,-113.0213851928711,-209.86865234375,1525.216552734375,-0.04748418554663658,0.7581847310066223,-0.6503085494041443,-0.7024694681167603,-0.4881932735443115,-0.5178841352462769,-0.7101280689239502,0.4322306215763092,0.5557830929756165
300,1650637465.684074,-53.53777313232422,-188.8244171142578,1541.1240234375,-0.056657396256923676,0.7925833463668823,0.6071256995201111,-0.6927110552787781,-0.4691276550292969,0.5477870106697083,0.7189862728118896,-0.38952651619911194,0.5756108164787292
4,1650637465.6841156,-114.01681518554688,-209.63636779785156,1524.9659423828125,-0.052798397839069366,0.7622572779655457,-0.6451171636581421,-0.701458215713501,-0.4881100058555603,-0.5193312764167786,-0.7107521891593933,0.4251028597354889,0.5604630708694458
300,1650637465.7278209,-53.61989974975586,-188.71437072753906,1540.82470703125,-0.056995030492544174,0.7924289107322693,0.607295572757721,-0.6928507685661316,-0.4693562090396881,0.5474144816398621,0.7188250422477722,-0.3895653188228607,0.5757859349250793
4,1650637465.7278483,-114.67402648925781,-209.6420135498047,1524.5491943359375,-0.055537160485982895,0.7660552859306335,-0.6403709650039673,-0.7032637000083923,-0.48528391122817993,-0.5195379853248596,-0.7087565064430237,0.4214959740638733,0.5656901597976685
300,1650637465.7556121,-53.592464447021484,-188.70872497558594,1540.79541015625,-0.05678633973002434,0.7922985553741455,0.607485294342041,-0.6930780410766602,-0.469248503446579,0.5472190976142883,0.7186223864555359,-0.3899601101875305,0.5757716298103333
4,1650637465.7556388,-114.40803527832031,-209.98216247558594,1524.7266845703125,-0.055310044437646866,0.7667967081069946,-0.6395026445388794,-0.7060288786888123,-0.4829227328300476,-0.5179854035377502,-0.7060198783874512,0.42285752296447754,0.5680910348892212
300,1650637465.7933292,-53.514408111572266,-188.78012084960938,1541.0587158203125,-0.056549716740846634,0.7925925254821777,0.6071237325668335,-0.6927098631858826,-0.46906736493110657,0.5478401184082031,0.7189959287643433,-0.3895803987979889,0.5755622982978821
4,1650637465.793357,-114.231201171875,-210.31390380859375,1525.2359619140625,-0.05028829351067543,0.7764977216720581,-0.6281101107597351,-0.7112368941307068,-0.4693601131439209,-0.5233002305030823,-0.7011513113975525,0.42041921615600586,0.5758771896362305
300,1650637465.8393793,-53.57969665527344,-188.8001251220703,1541.247314453125,-0.05653718113899231,0.7926045656204224,0.6071091890335083,-0.6922272443771362,-0.4693116843700409,0.5482407808303833,0.7194615602493286,-0.38926154375076294,0.5751960277557373
4,1650637465.839406,-115.92479705810547,-210.0646514892578,1525.367431640625,-0.04468435421586037,0.8036847710609436,-0.5933752059936523,-0.7179166674613953,-0.4388720393180847,-0.5403581857681274,-0.694693386554718,0.4018484055995941,0.5965893864631653
300,1650637465.8847523,-53.61567306518555,-188.7519989013672,1541.0423583984375,-0.056691739708185196,0.792607843875885,0.6070904731750488,-0.6922327280044556,-0.46938127279281616,0.5481743216514587,0.7194441556930542,-0.38917094469070435,0.5752791166305542
4,1650637465.8847804,-116.89644622802734,-210.46632385253906,1525.2591552734375,-0.05262579768896103,0.8025463223457336,-0.5942642092704773,-0.7189502716064453,-0.44345730543136597,-0.5352159738540649,-0.693066418170929,0.39908021688461304,0.6003281474113464
300,1650637465.9110727,-53.57172393798828,-188.75442504882812,1541.0400390625,-0.056482430547475815,0.7924407720565796,0.6073279976844788,-0.69221031665802,-0.4694419503211975,0.5481506586074829,0.7194821834564209,-0.38943785429000854,0.575050950050354
4,1650637465.9111001,-117.08416748046875,-210.80235290527344,1525.325439453125,-0.059220198541879654,0.7966213822364807,-0.6015707850456238,-0.7191696763038635,-0.4519839286804199,-0.527736246585846,-0.6923062801361084,0.4013788104057312,0.5996724963188171
300,1650637465.9491806,-53.572242736816406,-188.79965209960938,1541.2445068359375,-0.05641099065542221,0.7929286360740662,0.6066976189613342,-0.6920759081840515,-0.46903905272483826,0.5486650466918945,0.7196170687675476,-0.388930082321167,0.5752257108688354
4,1650637465.9492095,-116.56365203857422,-211.2389373779297,1525.9581298828125,-0.058281976729631424,0.7903233170509338,-0.6099116802215576,-0.7185124158859253,-0.45735958218574524,-0.5239867568016052,-0.6930678486824036,0.4076901376247406,0.5945129990577698
300,1650637465.9949722,-53.64786911010742,-188.81387329101562,1541.4022216796875,-0.056373078376054764,0.7924462556838989,0.6073310375213623,-0.6923047304153442,-0.4693324863910675,0.548125147819519,0.7193999290466309,-0.38955867290496826,0.5750720500946045
4,1650637465.995001,-114.87397766113281,-212.6011199951172,1527.3721923828125,-0.052144214510917664,0.7747913002967834,-0.6300630569458008,-0.720719039440155,-0.46592405438423157,-0.5133019089698792,-0.6912633776664734,0.42733269929885864,0.5827020406723022
300,1650637466.0235698,-53.63862228393555,-188.78504943847656,1541.3421630859375,-0.056242864578962326,0.7922900915145874,0.607546865940094,-0.6922391057014465,-0.4694453179836273,0.5481114387512207,0.7194733023643494,-0.38974031805992126,0.5748571157455444
4,1650637466.0235984,-114.33196258544922,-213.21121215820312,1527.7899169921875,-0.05249279364943504,0.7708724141120911,-0.6348229646682739,-0.7232580184936523,-0.467681884765625,-0.5081058144569397,-0.6885799765586853,0.43246889114379883,0.5820896029472351
300,1650637466.0649734,-53.55033493041992,-188.7645263671875,1541.33056640625,-0.05625606328248978,0.7918755412101746,0.6080858111381531,-0.6923887729644775,-0.4697442948818207,0.547666072845459,0.7193281650543213,-0.3902222514152527,0.5747116804122925
4,1650637466.0649996,-111.69168853759766,-214.9514923095703,1529.4205322265625,-0.05225034058094025,0.7391061186790466,-0.6715593934059143,-0.7240027785301208,-0.49120980501174927,-0.48428595066070557,-0.687815248966217,0.4609067738056183,0.5607807636260986
300,1650637466.092732,-53.545127868652344,-188.79666137695312,1541.4459228515625,-0.05614551901817322,0.7923118472099304,0.6075274348258972,-0.6922567486763,-0.4693685472011566,0.548154890537262,0.7194638848304749,-0.38978853821754456,0.5748361349105835
4,1650637466.0927582,-109.74491882324219,-216.60227966308594,1530.806396484375,-0.05688131973147392,0.7039989233016968,-0.7079194784164429,-0.7215158343315125,-0.5190773010253906,-0.45822879672050476,-0.6900575160980225,0.4847104847431183,0.5374721884727478
300,1650637466.1280773,-53.60472869873047,-188.8148193359375,1541.551025390625,-0.05603808909654617,0.792243480682373,0.6076265573501587,-0.6917126774787903,-0.4696723222732544,0.5485813021659851,0.7199953198432922,-0.3895615339279175,0.5743244290351868
4,1650637466.1281047,-109.18268585205078,-216.93209838867188,1531.4166259765625,-0.05786977335810661,0.685345470905304,-0.7259150743484497,-0.7202246785163879,-0.5321887135505676,-0.4450298547744751,-0.6913229823112488,0.4970681667327881,0.5244003534317017
300,1650637466.1753616,-53.5867919921875,-188.80584716796875,1541.5025634765625,-0.05601408705115318,0.7922569513320923,0.6076111793518066,-0.6915689706802368,-0.4697261452674866,0.5487164258956909,0.7201352715492249,-0.389469176530838,0.574211597442627
4,1650637466.1753883,-106.24515533447266,-218.72177124023438,1533.30419921875,-0.05476145073771477,0.6482452154159546,-0.7594598531723022,-0.720397412776947,-0.5523172616958618,-0.41949158906936646,-0.6913962364196777,0.5241409540176392,0.497239887714386
300,1650637466.2029514,-53.52534484863281,-188.8002166748047,1541.4998779296875,-0.05598139390349388,0.792269229888916,0.6075981855392456,-0.6916770935058594,-0.4696406424045563,0.5486533045768738,0.7200339436531067,-0.3895474076271057,0.574285626411438
4,1650637466.2029765,-105.71141815185547,-218.95936584472656,1533.6640625,-0.0522768460214138,0.644332230091095,-0.7629568576812744,-0.7205261588096619,-0.5533320307731628,-0.41793033480644226,-0.6914544105529785,0.5278822779655457,0.4931846559047699
300,1650637466.235438,-53.51976013183594,-188.7869110107422,1541.5277099609375,-0.05586543679237366,0.7922471761703491,0.6076375842094421,-0.6917732954025269,-0.46955180168151855,0.5486080646514893,0.7199504971504211,-0.38969922065734863,0.5742871761322021
4,1650637466.2354665,-107.10733795166016,-218.0527801513672,1532.896484375,-0.05469406396150589,0.664886474609375,-0.7449392676353455,-0.7197341322898865,-0.5433653593063354,-0.4321306347846985,-0.6920920014381409,0.5125232338905334,0.5082603096961975
300,1650637466.299058,-53.5921516418457,-188.81333923339844,1541.617431640625,-0.0559048056602478,0.7922239899635315,0.6076642274856567,-0.6916647553443909,-0.4696507453918457,0.5486602187156677,0.7200517654418945,-0.3896271884441376,0.5742091536521912
4,1650637466.2990866,-116.23561096191406,-210.53936767578125,1526.9178466796875,-0.06590737402439117,0.7726011276245117,-0.6314616203308105,-0.7097408175468445,-0.48112013936042786,-0.5145788788795471,-0.7013731002807617,0.41425952315330505,0.5800558924674988
4,1650637466.3273697,-120.19095611572266,-207.0152130126953,1524.4129638671875,-0.06771407276391983,0.8166180849075317,-0.5731925368309021,-0.7043740749359131,-0.446007639169693,-0.552208662033081,-0.706591784954071,0.3663496673107147,0.6054056286811829
300,1650637466.327396,-53.59173583984375,-188.80703735351562,1541.6033935546875,-0.05586527660489082,0.7923517823219299,0.607501208782196,-0.6916326284408569,-0.46953338384628296,0.5488011240959167,0.7200856804847717,-0.38950875401496887,0.5742469429969788
