300,1648559864.480301,77.69599914550781,-55.4365234375,1838.601318359375,0.8734456300735474,-0.00911883357912302,-0.4868362545967102,-0.06723140180110931,0.987989604473114,-0.1391274482011795,0.4822578430175781,0.15425094962120056,0.8623421788215637
4,1648559864.4803278,-110.42334747314453,-41.560585021972656,1631.8699951171875,0.14108403027057648,-0.9609001278877258,0.23825669288635254,-0.8970996737480164,-0.0223042294383049,0.4412648677825928,-0.418697327375412,-0.2759954333305359,-0.8651699423789978
300,1648559864.521747,77.68025207519531,-55.44009780883789,1838.7149658203125,0.8743028044700623,-0.009447285905480385,-0.48528897762298584,-0.06712741404771805,0.9878495335578918,-0.14016841351985931,0.4807167053222656,0.15512582659721375,0.8630454540252686
4,1648559864.5217745,-110.70219421386719,-41.48991012573242,1631.5970458984375,0.13835662603378296,-0.9617265462875366,0.23651523888111115,-0.8979992270469666,-0.021105719730257988,0.43949055671691895,-0.41767793893814087,-0.2731969356536865,-0.8665497899055481
300,1648559864.556632,77.69171142578125,-55.460655212402344,1838.6934814453125,0.8736457228660583,-0.008809276856482029,-0.4864828884601593,-0.06701689213514328,0.9881280660629272,-0.13824476301670074,0.48192524909973145,0.15337951481342316,0.8626834750175476
4,1648559864.5566592,-110.82032775878906,-41.52737808227539,1631.65380859375,0.13757625222206116,-0.9626114964485168,0.23334923386573792,-0.8974523544311523,-0.02145933359861374,0.4405891001224518,-0.41910862922668457,-0.27003440260887146,-0.8668502569198608
300,1648559864.5928223,77.69538879394531,-55.45748519897461,1838.6103515625,0.8728658556938171,-0.00893636979162693,-0.4878784418106079,-0.0672387182712555,0.9880918860435486,-0.13839581608772278,0.4833054840564728,0.15360529720783234,0.8618707656860352
4,1648559864.5928514,-110.99976348876953,-41.48463821411133,1631.58203125,0.13584960997104645,-0.9625914692878723,0.23444104194641113,-0.897692859172821,-0.01948118396103382,0.4401908814907074,-0.4191567897796631,-0.27025580406188965,-0.8667579889297485
300,1648559864.643458,77.6778564453125,-55.446632385253906,1838.6800537109375,0.8746315836906433,-0.009240998886525631,-0.48470017313957214,-0.06736976653337479,0.987800121307373,-0.14040015637874603,0.4800843298435211,0.15545254945755005,0.8633385896682739
4,1648559864.6434877,-111.68557739257812,-41.43267059326172,1631.3367919921875,0.1309511512517929,-0.9648500680923462,0.22785113751888275,-0.8967424631118774,-0.01727750524878502,0.44221532344818115,-0.422734797000885,-0.26223239302635193,-0.8674845695495605
300,1648559864.6938012,77.65592956542969,-55.45231246948242,1838.6595458984375,0.87548828125,-0.00842316448688507,-0.4831658899784088,-0.06708972156047821,0.9880466461181641,-0.1387903243303299,0.4785594940185547,0.15392477810382843,0.8644582033157349
4,1648559864.6938286,-111.78669738769531,-41.47653579711914,1631.3148193359375,0.12778793275356293,-0.9647611975669861,0.23001308739185333,-0.8969125747680664,-0.01342078112065792,0.4420042037963867,-0.4233415722846985,-0.2627844512462616,-0.8670215010643005
300,1648559864.7254512,77.66393280029297,-55.44426345825195,1838.6060791015625,0.8750540018081665,-0.00890042819082737,-0.48394346237182617,-0.06747366487979889,0.9878255128860474,-0.14017167687416077,0.47929927706718445,0.1553112268447876,0.8638001084327698
4,1648559864.7254786,-112.16130828857422,-41.50088882446289,1631.2218017578125,0.12612484395503998,-0.9652327299118042,0.2289503663778305,-0.8974658846855164,-0.012689387425780296,0.44090136885643005,-0.42266717553138733,-0.2610837519168854,-0.8678638935089111
300,1648559864.7610686,77.67681884765625,-55.455142974853516,1838.616943359375,0.8741809725761414,-0.009047862142324448,-0.4855159819126129,-0.06735058128833771,0.9879040718078613,-0.13967616856098175,0.48090699315071106,0.15480202436447144,0.8629975318908691
4,1648559864.7610955,-112.18925476074219,-41.5199089050293,1631.1715087890625,0.12568256258964539,-0.965268075466156,0.22904470562934875,-0.897626519203186,-0.012330764904618263,0.44058433175086975,-0.4224576950073242,-0.2609703838825226,-0.8679999709129333
300,1648559864.7975771,77.68354034423828,-55.46092987060547,1838.5323486328125,0.8734618425369263,-0.009116592817008495,-0.4868071973323822,-0.06730417162179947,0.98796546459198,-0.1392635554075241,0.48221832513809204,0.15440556406974792,0.8623365759849548
4,1648559864.7976067,-112.24250030517578,-41.50574493408203,1631.1282958984375,0.1266712248325348,-0.965298056602478,0.22837266325950623,-0.8973650932312012,-0.01340365968644619,0.44108521938323975,-0.4227176904678345,-0.26080647110939026,-0.8679226636886597
300,1648559864.8315885,77.69740295410156,-55.45650863647461,1838.516845703125,0.8734330534934998,-0.009228162467479706,-0.4868567883968353,-0.0670778900384903,0.9880086183547974,-0.1390666663646698,0.4823020398616791,0.1541227400302887,0.8623403906822205
4,1648559864.8316152,-112.17256927490234,-41.543575286865234,1631.1834716796875,0.12710285186767578,-0.9651731252670288,0.22866065800189972,-0.8976973295211792,-0.013882623054087162,0.4403938949108124,-0.42188194394111633,-0.26124337315559387,-0.8681978583335876
300,1648559864.8731618,77.6875991821289,-55.46309280395508,1838.5474853515625,0.8736832141876221,-0.009004305116832256,-0.4864119589328766,-0.06690813601016998,0.9881038665771484,-0.13847048580646515,0.4818723797798157,0.1535242646932602,0.8626872897148132
4,1648559864.8731902,-112.09832763671875,-41.584564208984375,1631.2918701171875,0.12835632264614105,-0.9650639295578003,0.22842124104499817,-0.8976340293884277,-0.01513019297271967,0.44048184156417847,-0.42163705825805664,-0.261577308177948,-0.8682162761688232
300,1648559864.9055133,77.6847915649414,-55.453895568847656,1838.5797119140625,0.8739779591560364,-0.009029317647218704,-0.48588162660598755,-0.06701970100402832,0.9880342483520508,-0.13891246914863586,0.4813219904899597,0.15397007763385773,0.8629150390625
4,1648559864.90554,-111.75059509277344,-41.66577911376953,1631.4166259765625,0.13050518929958344,-0.9642940163612366,0.2304462492465973,-0.8982638716697693,-0.016623031347990036,0.4391419589519501,-0.4196312427520752,-0.26431185007095337,-0.8683598637580872
300,1648559864.9389746,77.66724395751953,-55.46894836425781,1838.615478515625,0.8741136193275452,-0.008505862206220627,-0.4856470227241516,-0.06698399037122726,0.9881824254989624,-0.137871652841568,0.4810805916786194,0.15304605662822723,0.8632139563560486
4,1648559864.9390001,-111.30641174316406,-41.656063079833984,1631.6221923828125,0.13480070233345032,-0.9633752107620239,0.23181244730949402,-0.898070216178894,-0.01993204466998577,0.439400315284729,-0.4186868667602539,-0.267415314912796,-0.8678653836250305
300,1648559864.977706,77.65206146240234,-55.456356048583984,1838.6063232421875,0.8742820024490356,-0.009042568504810333,-0.4853340983390808,-0.06727974116802216,0.9879190325737,-0.13960443437099457,0.480733186006546,0.15470679104328156,0.8631114959716797
4,1648559864.9777339,-110.81849670410156,-41.67267608642578,1631.8258056640625,0.1386834979057312,-0.9625231027603149,0.2330583930015564,-0.8975510597229004,-0.022704865783452988,0.4403255581855774,-0.41853195428848267,-0.2702476978302002,-0.8670623898506165
300,1648559865.0095572,77.66206359863281,-55.45164489746094,1838.6473388671875,0.8746036887168884,-0.009516153484582901,-0.4847450852394104,-0.06737913191318512,0.9877198338508606,-0.14095930755138397,0.4801337420940399,0.15594524145126343,0.8632222414016724
4,1648559865.009583,-110.39942169189453,-41.72731399536133,1632.0101318359375,0.13986776769161224,-0.9616525173187256,0.2359267920255661,-0.8984086513519287,-0.023076793178915977,0.43855366110801697,-0.4162918031215668,-0.2732982039451599,-0.8671846389770508
300,1648559865.052982,77.66416931152344,-55.4722785949707,1838.7347412109375,0.8750038743019104,-0.008288807235658169,-0.48404499888420105,-0.06705079227685928,0.9881421327590942,-0.1381281018257141,0.47945016622543335,0.15331822633743286,0.8640723824501038
4,1648559865.0530095,-109.86132049560547,-41.81892395019531,1632.2294921875,0.1448991447687149,-0.9607015252113342,0.23676325380802155,-0.8979372978210449,-0.027171896770596504,0.4392838180065155,-0.41558733582496643,-0.276250422000885,-0.8665869235992432
300,1648559865.088648,77.70156860351562,-55.46633529663086,1838.629150390625,0.8735769391059875,-0.008727755397558212,-0.48660778999328613,-0.06694691628217697,0.9881796836853027,-0.13790957629680634,0.4820595383644104,0.15305152535438538,0.862666666507721
4,1648559865.0886755,-109.35340881347656,-41.90576934814453,1632.4859619140625,0.14704963564872742,-0.9599555134773254,0.2384570837020874,-0.8996807932853699,-0.029626039788126945,0.43554189801216125,-0.41103631258010864,-0.27858152985572815,-0.8680100440979004
300,1648559865.1304243,77.6675033569336,-55.44923400878906,1838.6654052734375,0.8744812607765198,-0.009898404590785503,-0.484958291053772,-0.06751817464828491,0.9875746965408325,-0.14190663397312164,0.4803372025489807,0.15683817863464355,0.8629472851753235
4,1648559865.1304498,-108.76881408691406,-41.95365524291992,1632.6845703125,0.15257729589939117,-0.9588514566421509,0.23942448198795319,-0.8995262980461121,-0.034390438348054886,0.43551087379455566,-0.4093562960624695,-0.2818177044391632,-0.8677592873573303
300,1648559865.16442,77.67168426513672,-55.45670700073242,1838.660400390625,0.8742814660072327,-0.008954293094575405,-0.48533669114112854,-0.06718873977661133,0.987973690032959,-0.13926100730895996,0.480746865272522,0.1543624848127365,0.8631654977798462
4,1648559865.1644464,-108.36634063720703,-42.0302734375,1632.893798828125,0.1564224511384964,-0.957378089427948,0.24281518161296844,-0.8995233178138733,-0.03655645623803139,0.4353405833244324,-0.4079090654850006,-0.2865149676799774,-0.8669021725654602
300,1648559865.206792,77.68888854980469,-55.449676513671875,1838.66162109375,0.8738546371459961,-0.009102538228034973,-0.4861021041870117,-0.06731679290533066,0.9879294037818909,-0.13951340317726135,0.4815044701099396,0.15463726222515106,0.8626939058303833
4,1648559865.2068195,-108.1209487915039,-42.05632781982422,1632.997314453125,0.15887252986431122,-0.9572651982307434,0.24166683852672577,-0.8991593718528748,-0.039193056523799896,0.4358627200126648,-0.4077645540237427,-0.286543607711792,-0.8669607043266296
300,1648559865.241226,77.69847106933594,-55.443363189697266,1838.6402587890625,0.8739562630653381,-0.009110890328884125,-0.48591914772987366,-0.06719224900007248,0.9879575967788696,-0.1393735110759735,0.4813373386859894,0.15445634722709656,0.8628195524215698
4,1648559865.2412512,-108.14724731445312,-42.099205017089844,1633.1446533203125,0.15790937840938568,-0.9580190181732178,0.23929932713508606,-0.8992764949798584,-0.039420176297426224,0.43560051918029785,-0.40788036584854126,-0.28398168087005615,-0.8677487969398499
300,1648559865.2848587,77.69609832763672,-55.46993637084961,1838.7677001953125,0.8738852739334106,-0.008615441620349884,-0.486055850982666,-0.06694914400577545,0.9881830215454102,-0.13788436353206635,0.4815000891685486,0.15303613245487213,0.8629817962646484
4,1648559865.284902,-107.99978637695312,-41.96532440185547,1633.001708984375,0.16027787327766418,-0.9577296376228333,0.2388826459646225,-0.8986418843269348,-0.04146026074886322,0.4367193877696991,-0.4083549678325653,-0.28466641902923584,-0.8673011064529419
300,1648559865.335081,77.69547271728516,-55.45830535888672,1838.6722412109375,0.8736146092414856,-0.008829768747091293,-0.4865383207798004,-0.066848523914814,0.9881786108016968,-0.13796494901180267,0.48200494050979614,0.15305256843566895,0.8626970052719116
4,1648559865.3351083,-108.08586883544922,-41.85017776489258,1632.802978515625,0.16276346147060394,-0.9576349258422852,0.23757822811603546,-0.8983750939369202,-0.04427886754274368,0.43699145317077637,-0.40795859694480896,-0.2845606207847595,-0.8675223588943481
300,1648559865.3700867,77.67667388916016,-55.474769592285156,1838.68798828125,0.8737821578979492,-0.008178538642823696,-0.48624876141548157,-0.06650231033563614,0.9884564876556396,-0.1361292153596878,0.4817490875720978,0.15128394961357117,0.8631517887115479
4,1648559865.3701146,-107.88014221191406,-41.820343017578125,1632.827392578125,0.16363127529621124,-0.9569733142852783,0.23963910341262817,-0.8976907134056091,-0.04369986429810524,0.4384537637233734,-0.40911635756492615,-0.28686654567718506,-0.8662167191505432
300,1648559865.406251,77.68550872802734,-55.476444244384766,1838.676025390625,0.8734514713287354,-0.008512472733855247,-0.48683685064315796,-0.0668143481016159,0.9882937073707581,-0.13715459406375885,0.4823053181171417,0.1523255705833435,0.8626577854156494
4,1648559865.4062796,-107.6383056640625,-41.770511627197266,1632.79736328125,0.16335579752922058,-0.9568050503730774,0.24049745500087738,-0.8975099325180054,-0.04291238635778427,0.4389013946056366,-0.4096227288246155,-0.28754594922065735,-0.8657519817352295
300,1648559865.4581661,77.70101928710938,-55.46059036254883,1838.619873046875,0.8736153841018677,-0.00913451798260212,-0.4865313470363617,-0.06719619780778885,0.987980842590332,-0.13920657336711884,0.48195526003837585,0.1543060541152954,0.8625014424324036
4,1648559865.458192,-107.80006408691406,-41.67662048339844,1632.7161865234375,0.16341054439544678,-0.9581318497657776,0.23511768877506256,-0.896219789981842,-0.04454319551587105,0.44136837124824524,-0.4124161899089813,-0.28284135460853577,-0.865975558757782
300,1648559865.4912305,77.69889831542969,-55.45989990234375,1838.59814453125,0.8736229538917542,-0.008865749463438988,-0.4865226745605469,-0.06691185384988785,0.988147497177124,-0.13815677165985107,0.4819810390472412,0.1532510668039322,0.862675130367279
4,1648559865.4912562,-107.49418640136719,-41.59055709838867,1632.7193603515625,0.16780510544776917,-0.957122266292572,0.23613229393959045,-0.8962551355361938,-0.048360325396060944,0.44089457392692566,-0.41057056188583374,-0.2856191396713257,-0.8659408092498779
300,1648559865.5291712,77.68175506591797,-55.45668029785156,1838.6529541015625,0.8738762140274048,-0.009144564159214497,-0.4860624670982361,-0.06692046672105789,0.9880423545837402,-0.13890276849269867,0.48152050375938416,0.15391135215759277,0.8628147840499878
4,1648559865.5291975,-107.45056915283203,-41.5903434753418,1632.688232421875,0.1699085533618927,-0.956610918045044,0.2366994470357895,-0.8963342308998108,-0.05020027607679367,0.44052794575691223,-0.40953147411346436,-0.2870112955570221,-0.8659725785255432
300,1648559865.5776637,77.69422912597656,-55.45687484741211,1838.6348876953125,0.8738012909889221,-0.00907158199697733,-0.4861984848976135,-0.06728678941726685,0.9879527688026428,-0.13936196267604828,0.4816054105758667,0.1544894129037857,0.8626640439033508
4,1648559865.5776925,-107.65216064453125,-41.620201110839844,1632.692626953125,0.16606257855892181,-0.9582617878913879,0.232717826962471,-0.8965526223182678,-0.04844483360648155,0.440280020236969,-0.410629540681839,-0.28175780177116394,-0.8671769499778748
300,1648559865.6280231,77.71353149414062,-55.461856842041016,1838.6414794921875,0.8729758858680725,-0.009409807622432709,-0.4876725673675537,-0.06707733124494553,0.9879986047744751,-0.13913798332214355,0.4831290543079376,0.15417587757110596,0.8618677854537964
4,1648559865.628053,-106.85469055175781,-41.52755355834961,1632.855224609375,0.17044606804847717,-0.9554638862609863,0.2409084290266037,-0.8962827920913696,-0.04874751716852188,0.4407956302165985,-0.4094206392765045,-0.29105398058891296,-0.8646746873855591
300,1648559865.6783862,77.68838500976562,-55.466041564941406,1838.633544921875,0.8734871745109558,-0.009082973003387451,-0.4867623746395111,-0.06708429753780365,0.9880430698394775,-0.13881853222846985,0.48220309615135193,0.1539103239774704,0.862433671951294
4,1648559865.6784139,-106.49373626708984,-41.47595977783203,1632.8917236328125,0.17409305274486542,-0.9545551538467407,0.24190101027488708,-0.8967031240463257,-0.05215241760015488,0.4395493268966675,-0.40695837140083313,-0.29343587160110474,-0.8650319576263428
300,1648559865.7287881,77.68064880371094,-55.465267181396484,1838.679931640625,0.8741773366928101,-0.00940722692757845,-0.48551565408706665,-0.0673571303486824,0.9877986311912537,-0.14041674137115479,0.48091262578964233,0.15545207262039185,0.8628775477409363
4,1648559865.7288163,-106.75457763671875,-41.53660583496094,1632.91796875,0.17249278724193573,-0.9558419585227966,0.23793350160121918,-0.8961742520332336,-0.05203847214579582,0.44064009189605713,-0.4088006019592285,-0.2892371118068695,-0.865577220916748
300,1648559865.7791615,77.697265625,-55.46235656738281,1838.6417236328125,0.8739954233169556,-0.009187179617583752,-0.4858473241329193,-0.06712457537651062,0.9879538416862488,-0.1394328624010086,0.4812757074832916,0.15447597205638885,0.8628504276275635
4,1648559865.7791884,-106.5807876586914,-41.593753814697266,1633.0712890625,0.172133669257164,-0.9551867246627808,0.24080756306648254,-0.8966106176376343,-0.05067386105656624,0.439910888671875,-0.40799441933631897,-0.29163408279418945,-0.8651532530784607
300,1648559865.8109076,77.68526458740234,-55.47565460205078,1838.66552734375,0.874285101890564,-0.008484311401844025,-0.48533862829208374,-0.0670366883277893,0.988156259059906,-0.13803352415561676,0.4807615280151367,0.153216153383255,0.8633615374565125
4,1648559865.8109334,-106.65019226074219,-41.57270431518555,1632.9967041015625,0.17292408645153046,-0.9556876420974731,0.23824022710323334,-0.8968760967254639,-0.052816614508628845,0.43911686539649963,-0.40707552433013916,-0.28960585594177246,-0.866266667842865
300,1648559865.8517327,77.69482421875,-55.46303176879883,1838.61181640625,0.8737793564796448,-0.00903727114200592,-0.48623859882354736,-0.06704690307378769,0.9880414009094238,-0.13884828984737396,0.48167869448661804,0.15392357110977173,0.8627243041992188
4,1648559865.8517575,-106.51343536376953,-41.53099822998047,1633.01904296875,0.17445926368236542,-0.9552730321884155,0.23878321051597595,-0.8964943289756775,-0.05379651114344597,0.43977707624435425,-0.407261461019516,-0.29079097509384155,-0.8657821416854858
300,1648559865.9004805,77.68162536621094,-55.46247482299805,1838.6473388671875,0.8742250800132751,-0.008909040130674839,-0.48543912172317505,-0.06697014719247818,0.9880619049072266,-0.138739675283432,0.48087993264198303,0.1537996381521225,0.8631918430328369
4,1648559865.9005067,-106.07135772705078,-41.539527893066406,1633.1800537109375,0.1769769936800003,-0.9541268944740295,0.2414974570274353,-0.8964343070983887,-0.0549703948199749,0.4397541880607605,-0.40630608797073364,-0.294312983751297,-0.8650406002998352
300,1648559865.9319954,77.68624114990234,-55.474090576171875,1838.6663818359375,0.8741719126701355,-0.008806101977825165,-0.48553672432899475,-0.06697767972946167,0.9880937337875366,-0.1385091096162796,0.48097550868988037,0.15360090136528015,0.8631739616394043
4,1648559865.9320261,-106.0693588256836,-41.533905029296875,1633.2301025390625,0.17655669152736664,-0.9548187255859375,0.23905834555625916,-0.8957601189613342,-0.05519836023449898,0.4410974085330963,-0.40797245502471924,-0.2920176386833191,-0.8650342226028442
300,1648559865.9716938,77.69215393066406,-55.448822021484375,1838.66552734375,0.8744074702262878,-0.009323908016085625,-0.48510271310806274,-0.06730696558952332,0.9878174662590027,-0.14030849933624268,0.4805011451244354,0.15533758699893951,0.8631274104118347
4,1648559865.9717214,-106.0627212524414,-41.56077194213867,1633.2420654296875,0.17733925580978394,-0.9548519253730774,0.23834557831287384,-0.8960845470428467,-0.05652674660086632,0.44026950001716614,-0.4069192707538605,-0.2916548550128937,-0.8656524419784546
300,1648559866.02173,77.6897201538086,-55.46408462524414,1838.6439208984375,0.8740227818489075,-0.009124409407377243,-0.48579925298690796,-0.06723242253065109,0.9879347085952759,-0.1395164579153061,0.48121094703674316,0.1546020358800888,0.8628639578819275
4,1648559866.0217566,-105.90250396728516,-41.5662841796875,1633.242919921875,0.17958402633666992,-0.9542602300643921,0.2390335351228714,-0.8966056704521179,-0.058790985494852066,0.4389098286628723,-0.40478116273880005,-0.2931400239467621,-0.8661530613899231
300,1648559866.0564585,77.68926239013672,-55.46250915527344,1838.6314697265625,0.8737474679946899,-0.009208581410348415,-0.48629263043403625,-0.06716027110815048,0.9879590272903442,-0.13937866687774658,0.4817206859588623,0.15444131195545197,0.8626083135604858
4,1648559866.0564837,-105.81916809082031,-41.600067138671875,1633.33642578125,0.1794000267982483,-0.9540069103240967,0.24017995595932007,-0.8964521288871765,-0.057970963418483734,0.43933239579200745,-0.4052026867866516,-0.29412609338760376,-0.8656215071678162
300,1648559866.0927112,77.68897247314453,-55.457275390625,1838.6326904296875,0.8739488124847412,-0.008918392471969128,-0.48593613505363464,-0.06703456491231918,0.9880638718605042,-0.13869459927082062,0.4813728630542755,0.15378651022911072,0.8629193902015686
4,1648559866.0927396,-105.67355346679688,-41.548404693603516,1633.3656005859375,0.1806691437959671,-0.9536807537078857,0.24052371084690094,-0.8960707187652588,-0.05878427252173424,0.440001904964447,-0.40548235177993774,-0.29502102732658386,-0.8651859164237976
300,1648559866.1448317,77.6688003540039,-55.4688835144043,1838.6806640625,0.874517023563385,-0.008745393715798855,-0.4849160313606262,-0.0671435073018074,0.9880264401435852,-0.13890822231769562,0.4803246557712555,0.15403656661510468,0.8634586930274963
4,1648559866.144858,-105.5852279663086,-41.45234680175781,1633.227783203125,0.18126815557479858,-0.9541382193565369,0.2382480502128601,-0.8961585760116577,-0.06048711761832237,0.43959200382232666,-0.4050205945968628,-0.293192058801651,-0.8660235404968262
300,1648559866.1931138,77.67792510986328,-55.46696853637695,1838.6708984375,0.8744645714759827,-0.00890381634235382,-0.4850076735019684,-0.0671791285276413,0.9879744052886963,-0.13926070928573608,0.48041510581970215,0.15436094999313354,0.8633504509925842
4,1648559866.193141,-105.57933044433594,-41.38346481323242,1633.2100830078125,0.1826559603214264,-0.9544054269790649,0.23610809445381165,-0.8953596353530884,-0.06226523220539093,0.4409695863723755,-0.40616247057914734,-0.2919473648071289,-0.865909218788147
300,1648559866.245622,77.68768310546875,-55.45795822143555,1838.6385498046875,0.8742415904998779,-0.008847822435200214,-0.48541051149368286,-0.0670476108789444,0.9880530834197998,-0.1387648731470108,0.4808391332626343,0.15385963022708893,0.8632038831710815
4,1648559866.2456481,-105.46429443359375,-41.430320739746094,1633.3177490234375,0.18339821696281433,-0.9541301131248474,0.2366448938846588,-0.8954856395721436,-0.062839575111866,0.44063207507133484,-0.40554967522621155,-0.29272323846817017,-0.8659344911575317
300,1648559866.2940981,77.68946838378906,-55.45943832397461,1838.624755859375,0.8742501735687256,-0.00883084163069725,-0.4853953421115875,-0.0671130120754242,0.9880362153053284,-0.13885332643985748,0.4808143675327301,0.15396888554096222,0.8631982207298279
4,1648559866.294129,-105.16899108886719,-41.37840270996094,1633.330810546875,0.18588344752788544,-0.9532710313796997,0.23816309869289398,-0.8951108455657959,-0.06431908905506134,0.44117987155914307,-0.4052455425262451,-0.29519039392471313,-0.8652390837669373
300,1648559866.3276343,77.70321655273438,-55.45158767700195,1838.592041015625,0.8741291761398315,-0.008867399767041206,-0.4856126010417938,-0.06697764247655869,0.9880801439285278,-0.1386059820652008,0.4810532331466675,0.15368472039699554,0.8631157279014587
4,1648559866.327659,-105.14335632324219,-41.372520446777344,1633.361328125,0.18527022004127502,-0.9535204768180847,0.23764176666736603,-0.8949331045150757,-0.06382563710212708,0.44161179661750793,-0.40591827034950256,-0.2944910228252411,-0.8651620745658875
300,1648559866.3692927,77.68558502197266,-55.45338821411133,1838.6136474609375,0.8743706345558167,-0.009038901887834072,-0.4851744771003723,-0.06710599362850189,0.9879677891731262,-0.13934297859668732,0.48059624433517456,0.15439552068710327,0.8632434606552124
4,1648559866.3693197,-105.01556396484375,-41.337459564208984,1633.332275390625,0.18671128153800964,-0.9525752067565918,0.24029013514518738,-0.8950302004814148,-0.06409350782632828,0.4413761794567108,-0.40504297614097595,-0.2974768579006195,-0.8645505905151367
300,1648559866.4194055,77.69432067871094,-55.458290100097656,1838.5833740234375,0.8736821413040161,-0.009086673147976398,-0.48641228675842285,-0.067233145236969,0.987976610660553,-0.13921897113323212,0.4818289875984192,0.15433615446090698,0.8625665903091431
4,1648559866.419433,-105.099609375,-41.310272216796875,1633.2469482421875,0.18699534237384796,-0.9534468650817871,0.2365836501121521,-0.8946331739425659,-0.06580229103565216,0.44192931056022644,-0.4057883620262146,-0.2942942976951599,-0.8652899265289307
300,1648559866.4542608,77.68858337402344,-55.45689392089844,1838.59912109375,0.874126136302948,-0.008904414251446724,-0.4856173098087311,-0.06701711565256119,0.9880572557449341,-0.13875016570091248,0.4810532033443451,0.15382982790470123,0.863089919090271
4,1648559866.4542866,-105.0534439086914,-41.298377990722656,1633.287841796875,0.18641099333763123,-0.9532924890518188,0.23766431212425232,-0.8947354555130005,-0.06479822099208832,0.4418705999851227,-0.4058317244052887,-0.29501622915267944,-0.8650237321853638
300,1648559866.4906118,77.69989013671875,-55.454933166503906,1838.6064453125,0.8737063407897949,-0.008921117521822453,-0.4863719344139099,-0.06699275970458984,0.9880984425544739,-0.13846798241138458,0.48181864619255066,0.1535637527704239,0.8627102375030518
4,1648559866.4906392,-105.01083374023438,-41.307762145996094,1633.33251953125,0.18678151071071625,-0.9526652097702026,0.23987838625907898,-0.8945865035057068,-0.06402858346700668,0.4422841966152191,-0.40598970651626587,-0.297202467918396,-0.8642008304595947
300,1648559866.5409904,77.70570373535156,-55.455570220947266,1838.5989990234375,0.8737058639526367,-0.00895147304981947,-0.4863722026348114,-0.0671924576163292,0.9880261421203613,-0.13888691365718842,0.4817916750907898,0.1540268510580063,0.862642765045166
4,1648559866.5410173,-105.19630432128906,-41.3162841796875,1633.2633056640625,0.18427243828773499,-0.954250693321228,0.2354767620563507,-0.8948758840560913,-0.06380245089530945,0.44173115491867065,-0.4064982533454895,-0.29212135076522827,-0.8656929731369019
300,1648559866.591389,77.69860076904297,-55.45543670654297,1838.621826171875,0.8741022944450378,-0.008965357206761837,-0.48565909266471863,-0.0670417919754982,0.9880340695381165,-0.1389029175043106,0.48109307885169983,0.15397481620311737,0.8630418181419373
4,1648559866.5914164,-105.1759262084961,-41.34162139892578,1633.3052978515625,0.1835135519504547,-0.9541999697685242,0.23627351224422455,-0.8950715065002441,-0.06282642483711243,0.44147467613220215,-0.40641090273857117,-0.29249826073646545,-0.8656066656112671
300,1648559866.6417959,77.69715881347656,-55.45549392700195,1838.612060546875,0.8738996982574463,-0.00915372371673584,-0.4860200583934784,-0.06708936393260956,0.9879835247993469,-0.1392393261194229,0.48145437240600586,0.15428797900676727,0.8627843856811523
4,1648559866.6418233,-104.93596649169922,-41.341697692871094,1633.384765625,0.18750683963298798,-0.9524487853050232,0.24017183482646942,-0.894839882850647,-0.06479550898075104,0.4416595697402954,-0.40509605407714844,-0.2977295219898224,-0.8644387125968933
300,1648559866.6921854,77.70301818847656,-55.45962142944336,1838.6256103515625,0.8736314177513123,-0.008791009895503521,-0.48650887608528137,-0.06700040400028229,0.988139808177948,-0.13816891610622406,0.4819534420967102,0.15330499410629272,0.862680971622467
4,1648559866.6922264,-105.15789031982422,-41.355018615722656,1633.312744140625,0.18631304800510406,-0.9532688856124878,0.2378358244895935,-0.895332932472229,-0.06505700945854187,0.44062066078186035,-0.40455707907676697,-0.29503563046455383,-0.8656139969825745
300,1648559866.7426078,77.6908950805664,-55.45412063598633,1838.6376953125,0.8744953870773315,-0.008969240821897984,-0.4849509298801422,-0.06713981181383133,0.9879654049873352,-0.1393434852361679,0.48036453127861023,0.15441474318504333,0.8633689880371094
4,1648559866.7426348,-105.44058990478516,-41.33599090576172,1633.216064453125,0.18256324529647827,-0.9544878005981445,0.23584672808647156,-0.8959990739822388,-0.06275453418493271,0.43959930539131165,-0.4047917127609253,-0.2915731370449066,-0.8666768670082092
300,1648559866.7929385,77.69782257080078,-55.4481201171875,1838.628662109375,0.8740864396095276,-0.009023826569318771,-0.4856865704059601,-0.0671570897102356,0.9879818558692932,-0.13921833038330078,0.4811058044433594,0.15430615842342377,0.862975537776947
4,1648559866.7929666,-105.13778686523438,-41.33024215698242,1633.3441162109375,0.18585748970508575,-0.952709436416626,0.2404198944568634,-0.8952696919441223,-0.06336504966020584,0.4409955143928528,-0.40490636229515076,-0.2972029447555542,-0.8647087812423706
300,1648559866.843325,77.69206237792969,-55.453853607177734,1838.6148681640625,0.8741621971130371,-0.009080300107598305,-0.4855492115020752,-0.06725878268480301,0.9879260063171387,-0.13956515491008759,0.48095399141311646,0.15466003119945526,0.8629968166351318
4,1648559866.8433526,-105.28848266601562,-41.3470344543457,1633.317626953125,0.1846923679113388,-0.953549861907959,0.23797348141670227,-0.8951886892318726,-0.06328719109296799,0.4411711096763611,-0.40561798214912415,-0.2945120930671692,-0.8652957081794739
300,1648559866.8936732,77.71063232421875,-55.45479965209961,1838.59033203125,0.8741174340248108,-0.00900508277118206,-0.4856311082839966,-0.06710541993379593,0.9880009889602661,-0.13910774886608124,0.48105666041374207,0.1541849970817566,0.8630245923995972
4,1648559866.8937001,-105.71086883544922,-41.35142135620117,1633.1807861328125,0.18215177953243256,-0.9548880457878113,0.2345411330461502,-0.8954387903213501,-0.06254912167787552,0.4407685697078705,-0.40621429681777954,-0.2903040051460266,-0.8664372563362122
300,1648559866.9441054,77.704833984375,-55.444244384765625,1838.6435546875,0.8744474649429321,-0.009367871098220348,-0.4850297272205353,-0.06718356162309647,0.9878408908843994,-0.14020267128944397,0.48044559359550476,0.15518589317798615,0.8631855845451355
4,1648559866.9441333,-105.56073760986328,-41.38093566894531,1633.2728271484375,0.18200922012329102,-0.9539956450462341,0.23825392127037048,-0.8957856893539429,-0.0609445795416832,0.440288245677948,-0.4055127799510956,-0.2935609817504883,-0.8656681180000305
300,1648559866.9943936,77.69243621826172,-55.43682861328125,1838.6488037109375,0.8747208714485168,-0.009043672122061253,-0.48454269766807556,-0.0673389881849289,0.9878588318824768,-0.14000147581100464,0.47992590069770813,0.1550908237695694,0.8634917140007019
4,1648559866.9944205,-105.48329162597656,-41.30063247680664,1633.206298828125,0.18442006409168243,-0.9533418416976929,0.23901577293872833,-0.895571768283844,-0.06281524896621704,0.4404604732990265,-0.4048955738544464,-0.29528552293777466,-0.8653704524040222
300,1648559867.0448847,77.71109008789062,-55.44213104248047,1838.6209716796875,0.8743159174919128,-0.008896184153854847,-0.4852757751941681,-0.06710532307624817,0.9880139827728271,-0.13901539146900177,0.4806959629058838,0.1541079580783844,0.8632393479347229
4,1648559867.0449116,-105.748779296875,-41.22858810424805,1633.0760498046875,0.1817478984594345,-0.954566478729248,0.23615793883800507,-0.8952183723449707,-0.061246905475854874,0.4413987398147583,-0.4068804979324341,-0.29163622856140137,-0.8656769394874573
300,1648559867.0952916,77.7127456665039,-55.436031341552734,1838.58056640625,0.8742678165435791,-0.00900978408753872,-0.4853602945804596,-0.06708673387765884,0.9879918098449707,-0.13918191194534302,0.48078596591949463,0.15424349904060364,0.8631649613380432
4,1648559867.09532,-105.96446228027344,-41.24985885620117,1633.085205078125,0.17959469556808472,-0.9549661874771118,0.23618905246257782,-0.8954768776893616,-0.059300992637872696,0.4411400854587555,-0.40726763010025024,-0.29072824120521545,-0.8658003211021423
300,1648559867.1456382,77.71521759033203,-55.434391021728516,1838.5816650390625,0.8742756843566895,-0.009166153147816658,-0.48534321784973145,-0.06717141717672348,0.9879189133644104,-0.13965736329555511,0.480759859085083,0.15470021963119507,0.8630977869033813
4,1648559867.145666,-105.8393325805664,-41.288490295410156,1633.2069091796875,0.17841534316539764,-0.9544668793678284,0.23908349871635437,-0.8956160545349121,-0.056905537843704224,0.4411730170249939,-0.407479852437973,-0.29283905029296875,-0.8649886846542358
300,1648559867.1960046,77.70589447021484,-55.430660247802734,1838.6041259765625,0.8746656179428101,-0.008873861283063889,-0.4846455454826355,-0.06702007353305817,0.9880155324935913,-0.13904526829719543,0.48007121682167053,0.15409909188747406,0.8635885119438171
4,1648559867.1960468,-106.20639038085938,-41.32280731201172,1633.102294921875,0.17766086757183075,-0.9551026821136475,0.23709799349308014,-0.896765947341919,-0.057905081659555435,0.4387001395225525,-0.40527451038360596,-0.2905612587928772,-0.8667910695075989
300,1648559867.2278347,77.70378875732422,-55.448299407958984,1838.603759765625,0.8742730617523193,-0.008568943478167057,-0.485358864068985,-0.0670446828007698,0.9881307482719421,-0.13821235299110413,0.4807823598384857,0.15337607264518738,0.8633215427398682
4,1648559867.2278626,-106.17911529541016,-41.345279693603516,1633.1773681640625,0.17731411755084991,-0.9551602005958557,0.23712585866451263,-0.8967572450637817,-0.05754544958472252,0.4387652575969696,-0.4054456055164337,-0.2904435992240906,-0.8667504787445068
300,1648559867.267496,77.7268295288086,-55.43141174316406,1838.5916748046875,0.874148428440094,-0.009433696046471596,-0.48556727170944214,-0.0671708732843399,0.9878538250923157,-0.14011739194393158,0.48099133372306824,0.15509937703609467,0.8628971576690674
4,1648559867.2675242,-105.88639831542969,-41.31671905517578,1633.2928466796875,0.1798376441001892,-0.9537393450737,0.24091428518295288,-0.8967688679695129,-0.058294251561164856,0.4386426508426666,-0.4043068289756775,-0.2949288785457611,-0.865767240524292
300,1648559867.317849,77.72257995605469,-55.43036651611328,1838.582275390625,0.874388575553894,-0.009024406783282757,-0.48514246940612793,-0.06725236773490906,0.9879232048988342,-0.1395881175994873,0.48054319620132446,0.1546812206506729,0.8632218241691589
4,1648559867.3178766,-105.82621765136719,-41.23612594604492,1633.2861328125,0.17897243797779083,-0.95442134141922,0.23884883522987366,-0.8962028622627258,-0.057983387261629105,0.4398389756679535,-0.405942440032959,-0.29277607798576355,-0.8657325506210327
300,1648559867.3526478,77.7454605102539,-55.42453384399414,1838.569580078125,0.874036431312561,-0.009336191229522228,-0.48577067255973816,-0.06707097589969635,0.9879244565963745,-0.1396665722131729,0.4812086820602417,0.15465478599071503,0.8628557920455933
4,1648559867.3526742,-105.59688568115234,-41.16471862792969,1633.3648681640625,0.1802397221326828,-0.95365971326828,0.24092914164066315,-0.8957668542861938,-0.057953596115112305,0.4407302439212799,-0.406343936920166,-0.2952534258365631,-0.8647022843360901
300,1648559867.389056,77.7535629272461,-55.41034698486328,1838.541748046875,0.8740018010139465,-0.010057416744530201,-0.4858185946941376,-0.06716585159301758,0.9876884818077087,-0.14128044247627258,0.481258362531662,0.1561097800731659,0.8625659942626953
4,1648559867.3890839,-105.5477523803711,-41.12006378173828,1633.3765869140625,0.18091996014118195,-0.9535283446311951,0.240939199924469,-0.8956069946289062,-0.05850188806653023,0.44098255038261414,-0.40639394521713257,-0.29556939005851746,-0.8645707964897156
300,1648559867.4409003,77.76483154296875,-55.400413513183594,1838.5198974609375,0.8748772144317627,-0.009683256037533283,-0.48424801230430603,-0.06698758155107498,0.9877725839614868,-0.14077654480934143,0.4796900749206543,0.15560080111026764,0.8635310530662537
4,1648559867.4409266,-105.7447509765625,-41.0682487487793,1633.35986328125,0.1782892346382141,-0.9543807506561279,0.23952095210552216,-0.8957415819168091,-0.05666990950703621,0.440948486328125,-0.40725913643836975,-0.2931652367115021,-0.8649821877479553
300,1648559867.473658,77.7685317993164,-55.411590576171875,1838.5157470703125,0.8744165301322937,-0.00944221206009388,-0.48508405685424805,-0.06710254400968552,0.9878484606742859,-0.14018817245960236,0.48051321506500244,0.15513324737548828,0.8631573915481567
4,1648559867.4736843,-105.87898254394531,-41.08521270751953,1633.3560791015625,0.17827078700065613,-0.954441487789154,0.23929265141487122,-0.8962159752845764,-0.05709892511367798,0.43992799520492554,-0.4062221944332123,-0.2928842008113861,-0.86556476354599
300,1648559867.5099556,77.7795181274414,-55.40468978881836,1838.5213623046875,0.8740948438644409,-0.009659431874752045,-0.4856592118740082,-0.06691122055053711,0.987877368927002,-0.14007577300071716,0.48112478852272034,0.1549355536699295,0.8628522157669067
4,1648559867.5099833,-106.10063934326172,-41.10182571411133,1633.39306640625,0.17569763958454132,-0.9550497531890869,0.23876842856407166,-0.8962415456771851,-0.054835133254528046,0.44016388058662415,-0.40728551149368286,-0.29132992029190063,-0.8655896186828613
300,1648559867.5619473,77.79161834716797,-55.40245819091797,1838.5234375,0.8742292523384094,-0.009307567961513996,-0.48542407155036926,-0.0667881891131401,0.9880056381225586,-0.13922695815563202,0.48089760541915894,0.15413688123226166,0.8631218671798706
4,1648559867.5619721,-106.07579803466797,-41.10260772705078,1633.4951171875,0.17500729858875275,-0.9551624059677124,0.23882457613945007,-0.8964227437973022,-0.05426279082894325,0.43986570835113525,-0.4071839153766632,-0.2910674810409546,-0.8657256960868835
300,1648559867.5952458,77.80159759521484,-55.393619537353516,1838.554931640625,0.8746297359466553,-0.009486818686127663,-0.48469871282577515,-0.06661472469568253,0.9879729151725769,-0.13954222202301025,0.48019301891326904,0.1543358415365219,0.8634784817695618
4,1648559867.5952704,-105.80342102050781,-41.009498596191406,1633.5887451171875,0.1765524297952652,-0.9549705982208252,0.23845428228378296,-0.8956807851791382,-0.055416539311409,0.4412311315536499,-0.4081484377384186,-0.29147934913635254,-0.865132749080658
300,1648559867.6608012,77.80328369140625,-55.3653564453125,1838.4951171875,0.8742775321006775,-0.010260180570185184,-0.48531797528266907,-0.0669509768486023,0.9876731634140015,-0.14148958027362823,0.4807872474193573,0.15619367361068726,0.8628135323524475
4,1648559867.6608434,-105.45076751708984,-40.888648986816406,1633.632568359375,0.18080154061317444,-0.9539617896080017,0.2393067479133606,-0.8954674601554871,-0.05903917923569679,0.4411942660808563,-0.4067540168762207,-0.29406002163887024,-0.8649161458015442
300,1648559867.7111547,77.8465347290039,-55.36301040649414,1838.4615478515625,0.874079167842865,-0.010310952551662922,-0.48567405343055725,-0.06686816364526749,0.9877039790153503,-0.141313374042511,0.4811592698097229,0.1559952050447464,0.8626420497894287
4,1648559867.7111826,-105.51228332519531,-40.88307571411133,1633.6478271484375,0.17904895544052124,-0.954079806804657,0.2401525229215622,-0.8959095478057861,-0.05724535509943962,0.4405326843261719,-0.406555712223053,-0.29403185844421387,-0.865018904209137
300,1648559867.7630918,77.85283660888672,-55.36381149291992,1838.4755859375,0.8737915754318237,-0.010803216136991978,-0.4861806631088257,-0.06677640229463577,0.9876174926757812,-0.1419597864151001,0.48169413208961487,0.1565086543560028,0.8622504472732544
4,1648559867.7631166,-105.4094009399414,-40.861000061035156,1633.720703125,0.18002904951572418,-0.9533745646476746,0.24221171438694,-0.895497739315033,-0.056957442313432693,0.4414064884185791,-0.4070299565792084,-0.29636603593826294,-0.8639987111091614
300,1648559867.8118734,77.84233093261719,-55.359458923339844,1838.5257568359375,0.874258816242218,-0.010453874245285988,-0.4853475093841553,-0.06687690317630768,0.9876424670219421,-0.14173847436904907,0.4808315336704254,0.15637464821338654,0.862756073474884
4,1648559867.8119009,-105.4961166381836,-40.758628845214844,1633.6007080078125,0.1786118447780609,-0.9538727402687073,0.2412976771593094,-0.8954523801803589,-0.05595605820417404,0.4416264593601227,-0.4077533781528473,-0.29495030641555786,-0.8641420602798462
300,1648559867.8621342,77.86156463623047,-55.35821533203125,1838.4068603515625,0.8741892576217651,-0.010205869562923908,-0.48547813296318054,-0.06684515625238419,0.9877316355705261,-0.14113092422485352,0.48096248507499695,0.15582700073719025,0.8627821803092957
4,1648559867.8621614,-105.29973602294922,-40.64173126220703,1633.5291748046875,0.17854727804660797,-0.9538542628288269,0.24141855537891388,-0.8950749635696411,-0.05556393042206764,0.44244033098220825,-0.40860944986343384,-0.29508423805236816,-0.8636918663978577
300,1648559867.9125137,77.88065338134766,-55.34585952758789,1838.4149169921875,0.874291181564331,-0.010189545340836048,-0.4852948486804962,-0.06653303653001785,0.987827718257904,-0.14060476422309875,0.4808204174041748,0.15521764755249023,0.8629711270332336
4,1648559867.912541,-104.74821472167969,-40.5240478515625,1633.6495361328125,0.1816650927066803,-0.9527459740638733,0.24346023797988892,-0.8934264183044434,-0.056476205587387085,0.445645272731781,-0.4108370542526245,-0.29847198724746704,-0.8614681363105774
300,1648559867.9474854,77.90255737304688,-55.333431243896484,1838.385498046875,0.8743902444839478,-0.010696960613131523,-0.4851054549217224,-0.06657344102859497,0.9876576662063599,-0.14177556335926056,0.4806346893310547,0.15626230835914612,0.8628860712051392
4,1648559867.9475124,-104.60418701171875,-40.4018440246582,1633.5596923828125,0.18178780376911163,-0.9529799818992615,0.2424507439136505,-0.8934407234191895,-0.05707905441522598,0.4455396831035614,-0.4107515513896942,-0.2976090610027313,-0.8618074059486389
300,1648559867.9840071,77.88833618164062,-55.35296630859375,1838.424072265625,0.8743206858634949,-0.010130654089152813,-0.48524293303489685,-0.06662418693304062,0.9878126382827759,-0.1406678706407547,0.48075416684150696,0.1553177535533905,0.8629900813102722
4,1648559867.984034,-104.63874816894531,-40.459434509277344,1633.52978515625,0.18260334432125092,-0.9531394243240356,0.24120792746543884,-0.8940184116363525,-0.05887863039970398,0.444144606590271,-0.4091297388076782,-0.2967466115951538,-0.8628755807876587
300,1648559868.03618,77.92416381835938,-55.32425308227539,1838.388671875,0.8739879727363586,-0.010568488389253616,-0.4858326017856598,-0.06652919948101044,0.9877474904060364,-0.1411694437265396,0.48137184977531433,0.15570245683193207,0.8625763058662415
4,1648559868.036206,-104.41060638427734,-40.41627502441406,1633.6029052734375,0.18322794139385223,-0.9525039792060852,0.24323579668998718,-0.8937792778015137,-0.05837271735072136,0.4446922838687897,-0.40937286615371704,-0.2988791763782501,-0.8620238304138184
300,1648559868.0690713,77.90729522705078,-55.329654693603516,1838.4307861328125,0.874285876750946,-0.010575246065855026,-0.4852961599826813,-0.06637834757566452,0.9877662658691406,-0.14110873639583588,0.4808514416217804,0.15558253228664398,0.8628881573677063
4,1648559868.0690982,-104.62873840332031,-40.52881622314453,1633.6463623046875,0.18357974290847778,-0.9521348476409912,0.24441291391849518,-0.8934266567230225,-0.05791058763861656,0.4454606771469116,-0.4099845588207245,-0.3001425862312317,-0.8612938523292542
300,1648559868.1056025,77.90499877929688,-55.3250732421875,1838.4189453125,0.874616265296936,-0.010493628680706024,-0.4847022593021393,-0.06617753952741623,0.9878239035606384,-0.14079944789409637,0.48027798533439636,0.15522189438343048,0.8632723689079285
4,1648559868.1056294,-104.77873992919922,-40.50566482543945,1633.5985107421875,0.1797551065683365,-0.953367292881012,0.24244365096092224,-0.8933647274971008,-0.05503584071993828,0.445948988199234,-0.41181010007858276,-0.2967522144317627,-0.8615976572036743
300,1648559868.157512,77.90713500976562,-55.32817840576172,1838.4351806640625,0.8741761445999146,-0.010612218640744686,-0.4854929745197296,-0.06654207408428192,0.9877128601074219,-0.1414053738117218,0.4810282588005066,0.1559189110994339,0.8627288341522217
4,1648559868.1575363,-104.78430938720703,-40.50629425048828,1633.4539794921875,0.17985768616199493,-0.9532895088195801,0.24267327785491943,-0.894109845161438,-0.05556723475456238,0.4443870782852173,-0.4101448357105255,-0.29690301418304443,-0.8623397350311279
300,1648559868.1907763,77.8776626586914,-55.34905242919922,1838.4521484375,0.8745309114456177,-0.010893112048506737,-0.48484745621681213,-0.06649149954319,0.9876134991645813,-0.1421210914850235,0.4803900420665741,0.15652751922607422,0.862974226474762
4,1648559868.1908042,-105.21043395996094,-40.893489837646484,1633.2767333984375,0.18312016129493713,-0.9532760977745056,0.2402743101119995,-0.8936075568199158,-0.05952443182468414,0.44488462805747986,-0.4097956717014313,-0.29617828130722046,-0.8627548217773438
300,1648559868.2265954,77.80690002441406,-55.36530685424805,1838.4700927734375,0.874969482421875,-0.009858476929366589,-0.48407772183418274,-0.06674221903085709,0.9877924919128418,-0.14075328409671783,0.47955596446990967,0.15546324849128723,0.8636302947998047
4,1648559868.2266216,-107.0841293334961,-41.05357360839844,1632.919189453125,0.1780862659215927,-0.9561920762062073,0.23234018683433533,-0.8963809609413147,-0.060234323143959045,0.4391730725765228,-0.405938982963562,-0.2864760160446167,-0.8678392767906189
300,1648559868.2770362,77.82869720458984,-55.39101791381836,1838.4505615234375,0.8743456602096558,-0.010024430230259895,-0.4852001368999481,-0.06674801558256149,0.9878010749816895,-0.14069035649299622,0.4806915521621704,0.1553981453180313,0.8630104660987854
4,1648559868.277064,-108.89151763916016,-41.37400436401367,1632.86767578125,0.1578490436077118,-0.9610502123832703,0.22686158120632172,-0.8991211652755737,-0.04490087181329727,0.4353907108306885,-0.40824607014656067,-0.27270206809043884,-0.8711881041526794
410,1648559868.2770824,-48.13107681274414,-104.0840072631836,1617.3099365234375,0.17192591726779938,0.3801887631416321,-0.9087892770767212,-0.9205496907234192,-0.2664685845375061,-0.28562694787979126,-0.3507559597492218,0.8856923580169678,0.30416980385780334
300,1648559868.3276775,78.10099792480469,-55.30076599121094,1838.203857421875,0.873240053653717,-0.01212261151522398,-0.4871394634246826,-0.0666755884885788,0.9873155355453491,-0.14409147202968597,0.48270711302757263,0.15830674767494202,0.861355185508728
4,1648559868.3277054,-106.96707153320312,-42.46149444580078,1633.986572265625,0.1633462756872177,-0.9550737738609314,0.24728940427303314,-0.9070080518722534,-0.04676457494497299,0.4185086786746979,-0.38814228773117065,-0.2926552891731262,-0.873898446559906
410,1648559868.3277247,-47.22188949584961,-99.71669006347656,1626.0352783203125,0.1656217873096466,0.33033156394958496,-0.9292203783988953,-0.9279221892356873,-0.26687702536582947,-0.2602633833885193,-0.33396080136299133,0.9053494930267334,0.2623213529586792
300,1648559868.3780098,77.77983093261719,-55.442176818847656,1838.5531005859375,0.8745196461677551,-0.00932083185762167,-0.484900563955307,-0.06703177094459534,0.9878966808319092,-0.13988150656223297,0.4803354740142822,0.1548328548669815,0.8633102774620056
4,1648559868.378037,-106.7742691040039,-43.689491271972656,1635.5577392578125,0.1661706417798996,-0.9533069133758545,0.25217705965042114,-0.9129003286361694,-0.052032243460416794,0.40485259890556335,-0.372827410697937,-0.29748713970184326,-0.8789204359054565
410,1648559868.378055,-47.745941162109375,-96.99688720703125,1626.402099609375,0.17882654070854187,0.3571593463420868,-0.9167650938034058,-0.9175323843955994,-0.2758385241031647,-0.2864391803741455,-0.35518357157707214,0.8923846483230591,0.2783780097961426
300,1648559868.428402,77.89886474609375,-55.36539840698242,1838.465087890625,0.8739532828330994,-0.010840294882655144,-0.4858890473842621,-0.06659001111984253,0.9876518845558167,-0.14180807769298553,0.481426477432251,0.1562889963388443,0.862439751625061
4,1648559868.42843,-105.33419799804688,-43.132667541503906,1635.4580078125,0.1801491379737854,-0.9502587914466858,0.25407570600509644,-0.9090092778205872,-0.06213905289769173,0.41211751103401184,-0.3758302927017212,-0.3051998019218445,-0.8749883770942688
410,1648559868.4284494,-46.652252197265625,-96.77957916259766,1625.859130859375,0.1704811453819275,0.3577640652656555,-0.9181182384490967,-0.9202186465263367,-0.2753540873527527,-0.2781686782836914,-0.352326363325119,0.8922920227050781,0.282278448343277
300,1648559868.478771,77.9164047241211,-55.36994171142578,1838.4617919921875,0.8739287257194519,-0.010876135900616646,-0.4859323501586914,-0.06645246595144272,0.9876883625984192,-0.14161838591098785,0.48148998618125916,0.1560557782649994,0.8624464869499207
4,1648559868.4787972,-105.2047119140625,-42.477874755859375,1634.79052734375,0.1787887066602707,-0.9527698755264282,0.24548758566379547,-0.9049250483512878,-0.06130293011665344,0.42113247513771057,-0.3861932158470154,-0.29744160175323486,-0.8731456398963928
410,1648559868.4788158,-46.24951171875,-95.56209564208984,1626.7022705078125,0.17106382548809052,0.3528091609477997,-0.9199254512786865,-0.9197252988815308,-0.2776547372341156,-0.2775125503540039,-0.3533306419849396,0.8935511112213135,0.2769908308982849
300,1648559868.5291078,77.91659545898438,-55.380367279052734,1838.4613037109375,0.8736082315444946,-0.010358630679547787,-0.4865196645259857,-0.06669299304485321,0.9877910017967224,-0.14078712463378906,0.48203811049461365,0.15544024109840393,0.8622514605522156
4,1648559868.5291336,-105.27193450927734,-42.5374755859375,1634.6544189453125,0.1751910150051117,-0.9529831409454346,0.24724723398685455,-0.9052106738090515,-0.057155776768922806,0.4211018979549408,-0.3871714174747467,-0.2975841164588928,-0.8726637363433838
410,1648559868.5291529,-46.681724548339844,-93.30525970458984,1626.583740234375,0.17778043448925018,0.35890308022499084,-0.9162874817848206,-0.916917085647583,-0.27765241265296936,-0.2866570055484772,-0.3572915196418762,0.8911216259002686,0.279723197221756
300,1648559868.5642002,77.9442138671875,-55.37659454345703,1838.4189453125,0.8734153509140015,-0.011107941158115864,-0.486849308013916,-0.06710802018642426,0.9874561429023743,-0.14292262494564056,0.48232993483543396,0.15750230848789215,0.8617138862609863
4,1648559868.5642269,-105.3196792602539,-42.69314956665039,1634.7467041015625,0.17166997492313385,-0.9531837701797485,0.24893806874752045,-0.908362627029419,-0.05534350126981735,0.4145050048828125,-0.38132232427597046,-0.2972840964794159,-0.8753373622894287
410,1648559868.5642455,-46.778480529785156,-92.28665924072266,1627.156982421875,0.17034772038459778,0.3568955957889557,-0.9184809327125549,-0.9191325902938843,-0.2784576117992401,-0.2786693274974823,-0.35521385073661804,0.8916764259338379,0.28059977293014526
300,1648559868.6003764,77.90770721435547,-55.35389709472656,1838.362548828125,0.8735212683677673,-0.011376158334314823,-0.48665300011634827,-0.0666438639163971,0.9875187277793884,-0.1427074372768402,0.482202410697937,0.157090425491333,0.861860454082489
4,1648559868.6004035,-105.43984985351562,-42.552490234375,1634.7353515625,0.17778301239013672,-0.9531334638595581,0.244805708527565,-0.9063718318939209,-0.06171344593167305,0.41794922947883606,-0.3832535743713379,-0.2961892783641815,-0.874864935874939
410,1648559868.6004221,-47.134647369384766,-90.96923828125,1627.950439453125,0.17169685661792755,0.3552905023097992,-0.918851912021637,-0.9192884564399719,-0.2775226831436157,-0.27908754348754883,-0.354159414768219,0.8926084041595459,0.27896469831466675
300,1648559868.650509,77.90451049804688,-55.38927459716797,1838.397705078125,0.8734666109085083,-0.010639021173119545,-0.4867677390575409,-0.06695245951414108,0.9876389503479004,-0.1417272537946701,0.4822586476802826,0.15638431906700134,0.8619573712348938
4,1648559868.6505392,-105.61697387695312,-42.57135772705078,1634.369140625,0.17732106149196625,-0.9549961686134338,0.23778051137924194,-0.9073970317840576,-0.06510375440120697,0.4152012765407562,-0.3810352385044098,-0.28938525915145874,-0.8781049847602844
300,1648559868.6858854,77.94467163085938,-55.347923278808594,1838.376220703125,0.8734548687934875,-0.011792898178100586,-0.48676225543022156,-0.06658262014389038,0.9874225854873657,-0.14339955151081085,0.48233112692832947,0.15766294300556183,0.8616838455200195
4,1648559868.685912,-105.72728729248047,-42.39993667602539,1634.2628173828125,0.1738278865814209,-0.955397367477417,0.23874610662460327,-0.9039459228515625,-0.05860956013202667,0.42361146211624146,-0.3907244801521301,-0.2894490361213684,-0.8738155364990234
300,1648559868.7222013,77.92230224609375,-55.36473846435547,1838.4068603515625,0.873153805732727,-0.011163418181240559,-0.48731693625450134,-0.06688255816698074,0.9875383377075195,-0.14245979487895966,0.48283448815345764,0.15698231756687164,0.8615261912345886
4,1648559868.722229,-105.68087005615234,-42.11760711669922,1633.9305419921875,0.16983096301555634,-0.9564358592033386,0.23746132850646973,-0.9048207402229309,-0.05586502328515053,0.4221119284629822,-0.3904572129249573,-0.28654763102531433,-0.8748906254768372
300,1648559868.7722962,77.94178771972656,-55.38264465332031,1838.360595703125,0.8732183575630188,-0.010988627560436726,-0.4872052073478699,-0.0671755000948906,0.9874879717826843,-0.14267092943191528,0.48267704248428345,0.15731114149093628,0.8615544438362122
4,1648559868.7723236,-105.24681854248047,-42.017669677734375,1633.9681396484375,0.17541396617889404,-0.9541875123977661,0.24239662289619446,-0.9047026634216309,-0.059134677052497864,0.42191967368125916,-0.3882564306259155,-0.29330748319625854,-0.8736290335655212
300,1648559868.8041027,77.95951843261719,-55.35447692871094,1838.3497314453125,0.8733298182487488,-0.011238355189561844,-0.4869997501373291,-0.06653350591659546,0.9876130819320679,-0.14210447669029236,0.4825643301010132,0.15650586783885956,0.8617641925811768
4,1648559868.8041284,-105.34121704101562,-41.957420349121094,1633.9898681640625,0.17747820913791656,-0.9543492794036865,0.24024756252765656,-0.9029902815818787,-0.06085478514432907,0.4253295361995697,-0.3912927210330963,-0.2924279570579529,-0.8725685477256775
300,1648559868.8450663,77.90859985351562,-55.37451171875,1838.447509765625,0.8736777305603027,-0.011014391668140888,-0.486380398273468,-0.0668218806385994,0.9875518083572388,-0.14239487051963806,0.48189422488212585,0.1569080799818039,0.8620660305023193
4,1648559868.845092,-105.1985855102539,-42.121192932128906,1634.2294921875,0.1789124608039856,-0.953345537185669,0.2431514859199524,-0.904977560043335,-0.06249883025884628,0.4208437502384186,-0.38601282238960266,-0.2953408360481262,-0.8739381432533264
300,1648559868.893409,77.96162414550781,-55.35831069946289,1838.4237060546875,0.8733173608779907,-0.011066724546253681,-0.48702600598335266,-0.06688106805086136,0.9875515103340149,-0.14236889779567719,0.4825388491153717,0.15690605342388153,0.8617057204246521
4,1648559868.893437,-104.73228454589844,-42.12356185913086,1634.3917236328125,0.18079762160778046,-0.9524109363555908,0.2454090714454651,-0.9045951962471008,-0.0630924254655838,0.42157667875289917,-0.38603079319000244,-0.29821592569351196,-0.8729532957077026
300,1648559868.9456782,77.97653198242188,-55.3377685546875,1838.395263671875,0.8730112910270691,-0.011324333027005196,-0.4875684976577759,-0.06669368594884872,0.9875661730766296,-0.14235511422157288,0.4831182360649109,0.15679536759853363,0.8614012002944946
4,1648559868.9457047,-104.38162231445312,-41.96087646484375,1634.3978271484375,0.18854132294654846,-0.9507992267608643,0.24583131074905396,-0.9047445058822632,-0.07080963999032974,0.42002779245376587,-0.3819548785686493,-0.3016071319580078,-0.8735809326171875
300,1648559868.9941726,77.99108123779297,-55.33308410644531,1838.37939453125,0.8731424808502197,-0.011402808129787445,-0.48733168840408325,-0.06662378460168839,0.9875535368919373,-0.14247573912143707,0.4828907549381256,0.15686950087547302,0.86151522397995
4,1648559868.9942002,-104.39300537109375,-41.93694305419922,1634.4415283203125,0.1843951791524887,-0.9517107605934143,0.2454487830400467,-0.9042589068412781,-0.06642140448093414,0.42178666591644287,-0.3851158320903778,-0.29972466826438904,-0.8728407025337219
300,1648559869.046487,77.9954833984375,-55.339866638183594,1838.381591796875,0.8728737831115723,-0.011521529406309128,-0.48781007528305054,-0.06661007553339005,0.9875487685203552,-0.14251501858234406,0.48337823152542114,0.15689067542552948,0.8612379431724548
4,1648559869.0465162,-104.38529968261719,-41.822349548339844,1634.38330078125,0.18505772948265076,-0.9511268734931946,0.2472071349620819,-0.903800368309021,-0.0659487172961235,0.4228423535823822,-0.3858737349510193,-0.3016761541366577,-0.871833086013794
300,1648559869.09493,78.01142883300781,-55.32941818237305,1838.365478515625,0.8726348876953125,-0.011867034249007702,-0.488228976726532,-0.06670990586280823,0.987437903881073,-0.1432347446680069,0.48379555344581604,0.15756134688854218,0.8608810901641846
4,1648559869.0949576,-104.55829620361328,-41.767982482910156,1634.2310791015625,0.18369024991989136,-0.9512878060340881,0.24760745465755463,-0.9032728672027588,-0.0639873668551445,0.4242684543132782,-0.38775762915611267,-0.30159106850624084,-0.871026337146759
300,1648559869.1472116,77.99163818359375,-55.329830169677734,1838.3497314453125,0.8725918531417847,-0.01148795336484909,-0.48831498622894287,-0.0665321946144104,0.987610399723053,-0.14212357997894287,0.4838976562023163,0.1565045416355133,0.8610164523124695
4,1648559869.147237,-105.06376647949219,-41.80723571777344,1634.110107421875,0.17958824336528778,-0.9528202414512634,0.24470719695091248,-0.9035869240760803,-0.06142069026827812,0.4239789843559265,-0.38894566893577576,-0.29725587368011475,-0.8719863295555115
300,1648559869.195679,77.99056243896484,-55.335079193115234,1838.2943115234375,0.8731278777122498,-0.011010024696588516,-0.4873669445514679,-0.06653591990470886,0.9876977801322937,-0.1415133774280548,0.4829293191432953,0.15598666667938232,0.8616538643836975
4,1648559869.1957073,-105.11640930175781,-41.961265563964844,1634.2353515625,0.17750220000743866,-0.9529011249542236,0.24591141939163208,-0.9053781628608704,-0.060179516673088074,0.42031994462013245,-0.3857245147228241,-0.29725053906440735,-0.873417854309082
300,1648559869.2293763,77.9859390258789,-55.33270263671875,1838.330322265625,0.873038649559021,-0.011189647950232029,-0.4875226318836212,-0.0664420798420906,0.9876843094825745,-0.14165157079696655,0.483103483915329,0.15605930984020233,0.8615431189537048
4,1648559869.229402,-105.2362060546875,-41.926177978515625,1634.2431640625,0.17700444161891937,-0.9534100294113159,0.24429233372211456,-0.9048393368721008,-0.0599844716489315,0.421506404876709,-0.38721469044685364,-0.2956538200378418,-0.8733004331588745
300,1648559869.267144,77.97625732421875,-55.342098236083984,1838.3878173828125,0.872800886631012,-0.011027432978153229,-0.4879518449306488,-0.06643553078174591,0.9877556562423706,-0.1411561518907547,0.4835337698459625,0.1556185483932495,0.8613814115524292
4,1648559869.2671719,-105.37183380126953,-41.97289276123047,1634.224609375,0.1762295812368393,-0.9537665843963623,0.24345934391021729,-0.9048381447792053,-0.05957955867052078,0.42156630754470825,-0.38757064938545227,-0.2945837676525116,-0.873504102230072
300,1648559869.3172057,77.98895263671875,-55.3314208984375,1838.431396484375,0.8731374740600586,-0.011341209523379803,-0.48734208941459656,-0.06642895936965942,0.9876351356506348,-0.14200003445148468,0.482926607131958,0.15635918080806732,0.8615878820419312
4,1648559869.3172321,-105.21357727050781,-41.9927864074707,1634.4085693359375,0.17761613428592682,-0.9527955055236816,0.24623820185661316,-0.9052324295043945,-0.0600367970764637,0.4206540584564209,-0.386013925075531,-0.29761776328086853,-0.8731648921966553
300,1648559869.3521469,77.98190307617188,-55.33708953857422,1838.4124755859375,0.873091459274292,-0.011004003696143627,-0.48743224143981934,-0.06659849733114243,0.9876827597618103,-0.1415890008211136,0.4829864501953125,0.1560824066400528,0.8616045117378235
4,1648559869.352173,-105.19943237304688,-41.993900299072266,1634.3543701171875,0.1770203858613968,-0.9534860849380493,0.24398374557495117,-0.9056925773620605,-0.06078923121094704,0.41955405473709106,-0.3852073848247528,-0.29524388909339905,-0.874326229095459
300,1648559869.388441,77.98973846435547,-55.34836196899414,1838.387451171875,0.8730844259262085,-0.010651040822267532,-0.48745274543762207,-0.06662331521511078,0.9877776503562927,-0.14091342687606812,0.48299580812454224,0.15550504624843597,0.8617036938667297
4,1648559869.3884685,-105.0816421508789,-41.93335723876953,1634.3038330078125,0.17774805426597595,-0.9529682993888855,0.24547313153743744,-0.9056548476219177,-0.06083165854215622,0.41962939500808716,-0.38496097922325134,-0.29690223932266235,-0.8738730549812317
300,1648559869.4402723,78.01528930664062,-55.321834564208984,1838.3807373046875,0.8732292056083679,-0.011416954919695854,-0.48717591166496277,-0.06643109768629074,0.9876036643981934,-0.14221762120723724,0.4827604293823242,0.15655221045017242,0.8616459965705872
4,1648559869.4402966,-104.94656372070312,-41.72440719604492,1634.1602783203125,0.179050013422966,-0.9529529213905334,0.24458490312099457,-0.9047244787216187,-0.061808936297893524,0.42148932814598083,-0.3865419626235962,-0.29674962162971497,-0.8732267618179321
300,1648559869.4726238,78.00730895996094,-55.32243728637695,1838.384765625,0.8730032444000244,-0.011782561428844929,-0.4875720143318176,-0.06664817035198212,0.9874475598335266,-0.14319676160812378,0.4831390082836151,0.1575070321559906,0.8612596988677979
4,1648559869.4726498,-104.72769165039062,-41.58168029785156,1634.1300048828125,0.18262702226638794,-0.9521609544754028,0.24502435326576233,-0.9030728936195374,-0.06392058730125427,0.42470401525497437,-0.3887244760990143,-0.2988373041152954,-0.871544361114502
300,1648559869.509396,78.01324462890625,-55.324851989746094,1838.3746337890625,0.8732840418815613,-0.010970543138682842,-0.4870879352092743,-0.06655384600162506,0.9876888394355774,-0.1415676474571228,0.48264437913894653,0.1560463309288025,0.8618027567863464
4,1648559869.509424,-104.81405639648438,-41.66141128540039,1634.0926513671875,0.17868444323539734,-0.9529634714126587,0.2448110580444336,-0.9041924476623535,-0.06093595176935196,0.422756165266037,-0.38795340061187744,-0.2968962490558624,-0.8725507259368896
300,1648559869.5613625,78.03440856933594,-55.30704879760742,1838.334716796875,0.8731229901313782,-0.011786658316850662,-0.4873574674129486,-0.06651119887828827,0.987479567527771,-0.14303985238075256,0.48294147849082947,0.15730611979961395,0.8614071607589722
4,1648559869.5613868,-104.9066390991211,-41.599979400634766,1634.071044921875,0.18168635666370392,-0.9523327350616455,0.2450558990240097,-0.9033952951431274,-0.0632137879729271,0.4241238236427307,-0.3884160816669464,-0.2984398603439331,-0.8718180060386658
300,1648559869.6098254,78.03592681884766,-55.31587600708008,1838.372314453125,0.8728349208831787,-0.011306199245154858,-0.4878845810890198,-0.06637498736381531,0.9876912236213684,-0.14163482189178467,0.48348066210746765,0.15600715577602386,0.8613409399986267
4,1648559869.6098523,-104.94235229492188,-41.65221405029297,1634.043701171875,0.18045011162757874,-0.9533674716949463,0.2419261634349823,-0.9043693542480469,-0.06411295384168625,0.42190706729888916,-0.3867218494415283,-0.2949237823486328,-0.8737655282020569
300,1648559869.662045,78.0404052734375,-55.315616607666016,1838.3116455078125,0.8729007840156555,-0.011297053657472134,-0.48776698112487793,-0.06652005016803741,0.9876408576965332,-0.14191783964633942,0.48334184288978577,0.15632647275924683,0.8613609671592712
4,1648559869.6620698,-104.62645721435547,-41.624515533447266,1634.2615966796875,0.18237631022930145,-0.9520557522773743,0.2456190288066864,-0.9043495059013367,-0.06439061462879181,0.42190736532211304,-0.3858637809753418,-0.299071341753006,-0.8727344870567322
300,1648559869.7109087,78.04507446289062,-55.30454635620117,1838.3167724609375,0.8728758692741394,-0.011538230814039707,-0.48780587315559387,-0.06629034131765366,0.9876472353935242,-0.14198054373264313,0.483418345451355,0.15626820921897888,0.8613286018371582
4,1648559869.7109365,-104.53446960449219,-41.6227912902832,1634.3748779296875,0.1834985464811325,-0.951489269733429,0.24697452783584595,-0.9040300250053406,-0.0646662637591362,0.42254939675331116,-0.3860803246498108,-0.3008095920085907,-0.8720410466194153
300,1648559869.762898,78.0693130493164,-55.2960205078125,1838.287353515625,0.8726985454559326,-0.01204926148056984,-0.48811066150665283,-0.06650059670209885,0.9874464869499207,-0.14327280223369598,0.4837094843387604,0.15749362111091614,0.8609418869018555
4,1648559869.7629228,-104.5263671875,-41.60442352294922,1634.389892578125,0.18541422486305237,-0.9510051608085632,0.24740810692310333,-0.9035704731941223,-0.06603764742612839,0.4233195185661316,-0.38624078035354614,-0.30204012989997864,-0.8715444803237915
300,1648559869.8116326,78.0459976196289,-55.30695724487305,1838.3294677734375,0.8729350566864014,-0.01160846184939146,-0.4876982867717743,-0.06649290770292282,0.9875555634498596,-0.14252251386642456,0.4832836389541626,0.15684138238430023,0.861299991607666
4,1648559869.8116605,-104.52226257324219,-41.567527770996094,1634.31494140625,0.1821354627609253,-0.9516092538833618,0.2475208193063736,-0.9040915369987488,-0.06310522556304932,0.42265379428863525,-0.3865813910961151,-0.30076169967651367,-0.8718355298042297
300,1648559869.8619502,78.04470825195312,-55.319679260253906,1838.37353515625,0.8731712102890015,-0.011064492166042328,-0.4872880280017853,-0.06625741720199585,0.98776775598526,-0.1411551535129547,0.48288923501968384,0.15553906559944153,0.8617572784423828
4,1648559869.8619783,-104.61344909667969,-41.57656478881836,1634.3072509765625,0.18057315051555634,-0.9519345760345459,0.24741442501544952,-0.9047654867172241,-0.06211203709244728,0.42135679721832275,-0.38573670387268066,-0.29993775486946106,-0.8724932670593262
300,1648559869.9122624,78.0554428100586,-55.310691833496094,1838.3358154296875,0.8732556700706482,-0.011548692360520363,-0.4871253967285156,-0.06643184274435043,0.9875624179840088,-0.14250342547893524,0.4827124774456024,0.15680256485939026,0.8616272807121277
4,1648559869.9122903,-104.68408966064453,-41.52145767211914,1634.29638671875,0.18094666302204132,-0.9520679116249084,0.24662727117538452,-0.9048447608947754,-0.06289602816104889,0.42107006907463074,-0.38537541031837463,-0.2993506193161011,-0.8728545308113098
300,1648559869.9471507,78.06684875488281,-55.308380126953125,1838.3514404296875,0.8730807304382324,-0.011814177967607975,-0.48743247985839844,-0.06624233722686768,0.9875629544258118,-0.142588272690773,0.4830548167228699,0.15677973628044128,0.86143958568573
4,1648559869.9471774,-104.75414276123047,-41.5125846862793,1634.2657470703125,0.1796140968799591,-0.9524753093719482,0.24602754414081573,-0.9046307802200317,-0.06166215240955353,0.4217119514942169,-0.38649964332580566,-0.2983095049858093,-0.8727138638496399
300,1648559869.9838405,78.05628204345703,-55.3045654296875,1838.3621826171875,0.8730693459510803,-0.011882038787007332,-0.48745131492614746,-0.06659584492444992,0.9874290823936462,-0.1433485895395279,0.4830268621444702,0.15761548280715942,0.8613027334213257
4,1648559869.9838681,-104.7513198852539,-41.50296401977539,1634.2978515625,0.182101771235466,-0.9518337845802307,0.24668076634407043,-0.9039887189865112,-0.06336478888988495,0.4228347837924957,-0.38683757185935974,-0.2999956011772156,-0.8719858527183533
300,1648559870.0341487,78.07748413085938,-55.29601287841797,1838.353515625,0.8730707168579102,-0.011908091604709625,-0.48744818568229675,-0.06646303087472916,0.9874646067619324,-0.1431654542684555,0.4830426573753357,0.15739084780216217,0.8613349795341492
4,1648559870.0341763,-104.79292297363281,-41.40953826904297,1634.2135009765625,0.1819436401128769,-0.9516406059265137,0.24754124879837036,-0.9040600061416626,-0.0628795176744461,0.42275485396385193,-0.386745423078537,-0.30070969462394714,-0.8717807531356812
300,1648559870.06875,78.08368682861328,-55.29097366333008,1838.3311767578125,0.8734229207038879,-0.011679007671773434,-0.48682233691215515,-0.06645987182855606,0.9874991774559021,-0.1429280787706375,0.4824059307575226,0.15719081461429596,0.8617282509803772
4,1648559870.0687757,-104.85494995117188,-41.39036560058594,1634.1217041015625,0.17923660576343536,-0.9529123902320862,0.24460633099079132,-0.9044933319091797,-0.061808470636606216,0.4219852089881897,-0.38699617981910706,-0.29688000679016113,-0.8729812502861023
300,1648559870.1053278,78.09585571289062,-55.28059768676758,1838.3013916015625,0.8729351758956909,-0.011940063908696175,-0.4876900315284729,-0.06635940074920654,0.987501859664917,-0.14295615255832672,0.48330172896385193,0.15715427696704865,0.8612328171730042
4,1648559870.1053557,-104.8361587524414,-41.313262939453125,1634.055419921875,0.17971524596214294,-0.9526579976081848,0.245245099067688,-0.904319703578949,-0.06187029555439949,0.42234811186790466,-0.3871799111366272,-0.29768237471580505,-0.8726264238357544
300,1648559870.157557,78.10162353515625,-55.27314758300781,1838.2454833984375,0.8729922771453857,-0.011888762935996056,-0.48758915066719055,-0.06617669016122818,0.9875708222389221,-0.14256416261196136,0.48322370648384094,0.15672443807125092,0.8613548874855042
4,1648559870.1575828,-105.04297637939453,-41.25343322753906,1633.9324951171875,0.17900890111923218,-0.9535619616508484,0.24223004281520844,-0.9040257930755615,-0.06227748468518257,0.42291706800460815,-0.38819217681884766,-0.2946881353855133,-0.8731928467750549
300,1648559870.1907442,78.10980224609375,-55.27293014526367,1838.1925048828125,0.8728157877922058,-0.012257018126547337,-0.4878959059715271,-0.06637479364871979,0.9874151945114136,-0.143546462059021,0.48351529240608215,0.15767361223697662,0.8610180020332336
4,1648559870.1907706,-104.9052505493164,-41.21025085449219,1633.9842529296875,0.1797458678483963,-0.9527462124824524,0.24487975239753723,-0.9035786986351013,-0.06149488687515259,0.42398571968078613,-0.38889193534851074,-0.2974778115749359,-0.8719346523284912
300,1648559870.2285051,78.1111831665039,-55.27096176147461,1838.287353515625,0.8729379177093506,-0.011718729510903358,-0.4876905083656311,-0.06624124944210052,0.9876046776771545,-0.14229920506477356,0.4833129942417145,0.15652360022068024,0.8613413572311401
4,1648559870.2285302,-104.85982513427734,-41.16031265258789,1633.9254150390625,0.17937754094600677,-0.9527601003646851,0.24509572982788086,-0.9033222198486328,-0.0608353428542614,0.4246269166469574,-0.38965708017349243,-0.2975689470767975,-0.8715618848800659
300,1648559870.277366,78.11915588378906,-55.27070236206055,1838.2781982421875,0.87302565574646,-0.011888744309544563,-0.48752930760383606,-0.0661839172244072,0.987565279006958,-0.142598956823349,0.4831623435020447,0.15675915777683258,0.8613830208778381
4,1648559870.2773936,-104.79576873779297,-41.12245178222656,1633.9451904296875,0.17970377206802368,-0.9529290199279785,0.24419833719730377,-0.903675377368927,-0.06182989105582237,0.42373088002204895,-0.3886866867542267,-0.29682207107543945,-0.8722495436668396
300,1648559870.3278072,78.13093566894531,-55.284934997558594,1838.29248046875,0.8726336359977722,-0.011894907802343369,-0.48823052644729614,-0.06619764119386673,0.9875961542129517,-0.14237874746322632,0.48386815190315247,0.15656419098377228,0.8610222339630127
4,1648559870.327834,-104.52547454833984,-41.05900955200195,1633.997802734375,0.18165671825408936,-0.9520299434661865,0.24625156819820404,-0.9033174514770508,-0.06259153038263321,0.42438173294067383,-0.3886108696460724,-0.2995351254940033,-0.871355414390564
300,1648559870.3625104,78.12203216552734,-55.2774543762207,1838.292724609375,0.8728220462799072,-0.0122993104159832,-0.48788362741470337,-0.06621216982603073,0.9874551892280579,-0.14334659278392792,0.4835262596607208,0.15741990506649017,0.861058235168457
4,1648559870.362538,-104.49127197265625,-41.03322982788086,1634.015869140625,0.18407906591892242,-0.9515661001205444,0.24624550342559814,-0.9024999141693115,-0.06438613682985306,0.42585012316703796,-0.38936975598335266,-0.30062663555145264,-0.8706404566764832
300,1648559870.4279943,78.14732360839844,-55.2628059387207,1838.241455078125,0.8727574944496155,-0.012508315965533257,-0.4879937469959259,-0.0663548931479454,0.9873532652854919,-0.14398106932640076,0.4836231768131256,0.1580413281917572,0.8608899712562561
4,1648559870.4280212,-104.67902374267578,-40.97528839111328,1633.9384765625,0.183779776096344,-0.952125072479248,0.2443007379770279,-0.9027795791625977,-0.06517136842012405,0.4251372516155243,-0.38886240124702454,-0.2986813485622406,-0.8715362548828125
300,1648559870.4629893,78.15331268310547,-55.26666259765625,1838.208984375,0.8728573322296143,-0.01248454675078392,-0.4878157377243042,-0.06620103120803833,0.9874008893966675,-0.14372499287128448,0.4834640324115753,0.15774531662464142,0.8610336780548096
4,1648559870.463015,-104.71524810791016,-40.97990798950195,1633.9044189453125,0.18206825852394104,-0.9523488283157349,0.24470984935760498,-0.9027488231658936,-0.06325393915176392,0.4254920780658722,-0.389737993478775,-0.29838013648986816,-0.8712483048439026
300,1648559870.5285406,78.13362884521484,-55.260807037353516,1838.1866455078125,0.8729549646377563,-0.012515749782323837,-0.48764026165008545,-0.06651704758405685,0.9872788786888123,-0.1444157212972641,0.4832444190979004,0.15850481390953064,0.8610174655914307
4,1648559870.5285678,-104.6345443725586,-40.89929962158203,1633.8717041015625,0.18255293369293213,-0.9515127539634705,0.24758410453796387,-0.9023745656013489,-0.06216416880488396,0.42644548416137695,-0.3903774619102478,-0.3012624680995941,-0.8699691891670227
300,1648559870.578832,78.15924835205078,-55.258445739746094,1838.194580078125,0.8726815581321716,-0.012189093045890331,-0.4881375730037689,-0.06626690924167633,0.9874831438064575,-0.14312857389450073,0.4837722182273865,0.15725304186344147,0.8609505891799927
4,1648559870.5788593,-104.83583068847656,-40.89616775512695,1633.810302734375,0.179975226521492,-0.9528235197067261,0.24441000819206238,-0.9028506875038147,-0.061377447098493576,0.42555078864097595,-0.39047354459762573,-0.297254353761673,-0.8713037967681885
300,1648559870.6107316,78.15311431884766,-55.25315475463867,1838.18798828125,0.8726029396057129,-0.01250373013317585,-0.4882701635360718,-0.0663493201136589,0.9873713254928589,-0.14385977387428284,0.4839027523994446,0.15792886912822723,0.8607535362243652
4,1648559870.6107569,-104.76771545410156,-40.85920333862305,1633.8509521484375,0.18215060234069824,-0.9518185257911682,0.24670352041721344,-0.9025300741195679,-0.06227662041783333,0.42609989643096924,-0.39020591974258423,-0.3002716898918152,-0.8703885674476624
300,1648559870.6514814,78.15453338623047,-55.247230529785156,1838.2059326171875,0.8729647994041443,-0.012328538112342358,-0.48762738704681396,-0.0661349669098854,0.9874580502510071,-0.143362358212471,0.4832790493965149,0.157399520277977,0.861200749874115
4,1648559870.6515076,-104.87884521484375,-40.83881378173828,1633.8133544921875,0.17969337105751038,-0.9525941014289856,0.24550920724868774,-0.9030385613441467,-0.06074904277920723,0.42524218559265137,-0.3901687264442444,-0.2981174886226654,-0.8711454272270203
300,1648559870.6999495,78.1669692993164,-55.2314567565918,1838.1832275390625,0.8724119067192078,-0.01298369187861681,-0.48859891295433044,-0.06624535471200943,0.9872820377349854,-0.14451895654201508,0.48426130414009094,0.15844745934009552,0.8604564666748047
4,1648559870.6999764,-104.92408752441406,-40.78590393066406,1633.7628173828125,0.18019931018352509,-0.9526763558387756,0.24481821060180664,-0.9027048349380493,-0.06130729988217354,0.4258701503276825,-0.3907072842121124,-0.29774010181427,-0.8710330724716187
300,1648559870.7335436,78.1469955444336,-55.24203872680664,1838.2027587890625,0.8730978965759277,-0.01250236202031374,-0.4873846173286438,-0.06604655086994171,0.9874229431152344,-0.14364472031593323,0.4830506443977356,0.15760597586631775,0.8612911701202393
4,1648559870.733568,-104.88076782226562,-40.78865051269531,1633.78759765625,0.17917777597904205,-0.952870786190033,0.24481135606765747,-0.9030485153198242,-0.06055435165762901,0.4252488315105438,-0.3903827965259552,-0.2972716689109802,-0.8713385462760925
300,1648559870.7716482,78.15415954589844,-55.23595428466797,1838.2220458984375,0.8729032874107361,-0.012509346008300781,-0.4877328872680664,-0.06613956391811371,0.987409234046936,-0.14369603991508484,0.4833895266056061,0.15769118070602417,0.8610854148864746
4,1648559870.7716768,-104.74000549316406,-40.73268127441406,1633.794921875,0.1802576631307602,-0.9524312615394592,0.24572712182998657,-0.9028875827789307,-0.06109879910945892,0.4255126118659973,-0.39025789499282837,-0.2985658645629883,-0.8709518909454346
300,1648559870.8216982,78.18328094482422,-55.22100830078125,1838.202880859375,0.8726679086685181,-0.012932755053043365,-0.4881429374217987,-0.06611465662717819,0.9873151183128357,-0.14435288310050964,0.4838177561759949,0.1582455188035965,0.8607431054115295
4,1648559870.8217254,-104.62360382080078,-40.66290283203125,1633.8316650390625,0.18167340755462646,-0.9521551132202148,0.24575479328632355,-0.9025364518165588,-0.06222981587052345,0.4260931611061096,-0.3904135227203369,-0.2992124557495117,-0.8706601858139038
300,1648559870.8564098,78.1771469116211,-55.22438049316406,1838.1981201171875,0.8728241920471191,-0.012623096816241741,-0.4878714382648468,-0.06615253537893295,0.9873790740966797,-0.1438971608877182,0.4835304915904999,0.15787085890769958,0.8609732985496521
4,1648559870.8564355,-104.55561065673828,-40.690269470214844,1633.8990478515625,0.18292999267578125,-0.9517530202865601,0.24637934565544128,-0.902370035648346,-0.06307711452245712,0.4263210594654083,-0.39021146297454834,-0.30031225085258484,-0.8703720569610596
300,1648559870.892682,78.20072937011719,-55.2241325378418,1838.1719970703125,0.872661828994751,-0.012831849977374077,-0.48815643787384033,-0.06625428795814514,0.9872998595237732,-0.144393190741539,0.48380962014198303,0.15834888815879822,0.8607286810874939
4,1648559870.8927088,-104.4906997680664,-40.66481399536133,1633.9295654296875,0.1830204874277115,-0.9517305493354797,0.2463989406824112,-0.9023643732070923,-0.063154436647892,0.42632150650024414,-0.3901820182800293,-0.30036720633506775,-0.8703663349151611
300,1648559870.944726,78.22467803955078,-55.225894927978516,1838.176025390625,0.8726628422737122,-0.012783478014171124,-0.4881558418273926,-0.06616339087486267,0.9873437285423279,-0.14413434267044067,0.4838201701641083,0.15807873010635376,0.860772430896759
4,1648559870.9447522,-104.64154052734375,-40.632808685302734,1633.88818359375,0.18143649399280548,-0.9528923034667969,0.2430577576160431,-0.902918815612793,-0.06349045783281326,0.42509594559669495,-0.3896388113498688,-0.29658934473991394,-0.8719038963317871
300,1648559870.9771447,78.21820068359375,-55.2115592956543,1838.19775390625,0.8728088736534119,-0.013011563569307327,-0.48788872361183167,-0.06611524522304535,0.9872779250144958,-0.14460673928260803,0.4835633337497711,0.15847091376781464,0.860844612121582
4,1648559870.9771705,-104.58229064941406,-40.556182861328125,1633.8768310546875,0.18348078429698944,-0.9521556496620178,0.2444063425064087,-0.9023542404174805,-0.06449882686138153,0.4261417090892792,-0.38998928666114807,-0.29872989654541016,-0.8710159659385681
300,1648559871.0433345,78.23158264160156,-55.2027702331543,1838.143310546875,0.8725274205207825,-0.013453501276671886,-0.48837992548942566,-0.06618011742830276,0.9871527552604675,-0.14542904496192932,0.484062135219574,0.1592118740081787,0.8604274988174438
4,1648559871.043362,-104.41683197021484,-40.485958099365234,1633.9248046875,0.1848275512456894,-0.9515191912651062,0.24586589634418488,-0.9017903804779053,-0.06475812941789627,0.42729437351226807,-0.390656977891922,-0.3006952702999115,-0.8700399398803711
300,1648559871.0778077,78.23668670654297,-55.205108642578125,1838.15869140625,0.872561514377594,-0.013323983177542686,-0.48832255601882935,-0.06618738919496536,0.9871855974197388,-0.14520281553268433,0.48399966955184937,0.15901918709278107,0.8604982495307922
4,1648559871.0778346,-104.39645385742188,-40.436100006103516,1633.8944091796875,0.18457160890102386,-0.9514744877815247,0.24623078107833862,-0.9015960693359375,-0.06418877094984055,0.42778998613357544,-0.39122602343559265,-0.3009586036205292,-0.8696931004524231
300,1648559871.1437206,78.259033203125,-55.196102142333984,1838.146484375,0.8722720742225647,-0.01375113520771265,-0.48882755637168884,-0.06637942790985107,0.9870233535766602,-0.14621436595916748,0.4844948351383209,0.15998679399490356,0.8600401282310486
4,1648559871.1437492,-104.55830383300781,-40.281639099121094,1633.74365234375,0.18381674587726593,-0.9521295428276062,0.2442554384469986,-0.9017149209976196,-0.06441319733858109,0.4275057315826416,-0.3913075625896454,-0.2988314926624298,-0.8703896403312683
300,1648559871.1783395,78.24807739257812,-55.1993293762207,1838.156005859375,0.8731279373168945,-0.013041961938142776,-0.4873166084289551,-0.06603816896677017,0.9872630834579468,-0.1447429060935974,0.48299741744995117,0.15856057405471802,0.8611457943916321
4,1648559871.178366,-104.5815200805664,-40.23482131958008,1633.71484375,0.18247921764850616,-0.9532087445259094,0.24102795124053955,-0.9020949006080627,-0.06481345742940903,0.4266427159309387,-0.39105769991874695,-0.2952835261821747,-0.8717118501663208
300,1648559871.2441516,78.27542114257812,-55.195247650146484,1838.1361083984375,0.872474193572998,-0.01353825069963932,-0.48847267031669617,-0.06608660519123077,0.9871634840965271,-0.14539876580238342,0.4841708242893219,0.15913815796375275,0.8603799343109131
4,1648559871.2441783,-104.47496032714844,-40.20132827758789,1633.7169189453125,0.18285635113716125,-0.952568531036377,0.2432626485824585,-0.902125895023346,-0.06421274691820145,0.42666804790496826,-0.3908100128173828,-0.2974725067615509,-0.8710784316062927
300,1648559871.2944944,78.27937316894531,-55.191444396972656,1838.1339111328125,0.8729317784309387,-0.013573666103184223,-0.4876534640789032,-0.06597697734832764,0.9871441125869751,-0.14557994902133942,0.48336029052734375,0.1592552661895752,0.8608139157295227
4,1648559871.2945254,-104.53001403808594,-40.09808349609375,1633.641357421875,0.1832597851753235,-0.9526203274726868,0.24275577068328857,-0.9014841318130493,-0.06435520201921463,0.42800095677375793,-0.3920997977256775,-0.2972758412361145,-0.8705658316612244
300,1648559871.3448145,78.29496002197266,-55.184574127197266,1838.0968017578125,0.8726812601089478,-0.01361322496086359,-0.488100528717041,-0.06609807908535004,0.9871170520782471,-0.14570851624011993,0.4837959110736847,0.15941959619522095,0.8605387210845947
4,1648559871.3448424,-104.45219421386719,-40.078765869140625,1633.6962890625,0.1831246167421341,-0.9524016380310059,0.24371406435966492,-0.9013475775718689,-0.06368597596883774,0.42838847637176514,-0.3924767076969147,-0.29811954498291016,-0.8701073527336121
300,1648559871.3952196,78.30651092529297,-55.178035736083984,1838.090087890625,0.8725754022598267,-0.013776998035609722,-0.4882851541042328,-0.06596331298351288,0.9871229529380798,-0.14572951197624207,0.4840052127838135,0.15936888754367828,0.8604304194450378
4,1648559871.3952463,-104.17159271240234,-39.97869110107422,1633.7208251953125,0.1860879361629486,-0.9513587355613708,0.24553589522838593,-0.9006566405296326,-0.06529577821493149,0.42959755659103394,-0.3926689326763153,-0.3010864555835724,-0.8689982891082764
300,1648559871.426731,78.3058853149414,-55.18576431274414,1838.0654296875,0.8724017143249512,-0.013700848445296288,-0.4885975122451782,-0.0661173164844513,0.9871120452880859,-0.14573371410369873,0.4842971861362457,0.15944311022758484,0.8602523803710938
4,1648559871.4267566,-104.36206817626953,-39.97891616821289,1633.690185546875,0.18409261107444763,-0.9526587128639221,0.24197383224964142,-0.90115886926651,-0.06529129296541214,0.42854371666908264,-0.39245712757110596,-0.2969486117362976,-0.8705164790153503
300,1648559871.4664276,78.321533203125,-55.1722297668457,1838.0662841796875,0.8725731372833252,-0.013780699111521244,-0.4882890284061432,-0.06606246531009674,0.9870893955230713,-0.14591175317764282,0.4839957058429718,0.15957626700401306,0.8603973388671875
4,1648559871.4664547,-104.27313995361328,-39.93449020385742,1633.7052001953125,0.18308338522911072,-0.952434241771698,0.24361738562583923,-0.9015007019042969,-0.06380467116832733,0.4280484616756439,-0.3921440839767456,-0.2979898154735565,-0.8703017234802246
300,1648559871.516805,78.33651733398438,-55.16889953613281,1838.0296630859375,0.872554361820221,-0.013902826234698296,-0.48831918835639954,-0.06607069820165634,0.9870520234107971,-0.14616072177886963,0.48402848839759827,0.15979677438735962,0.8603379726409912
4,1648559871.5168324,-104.18112182617188,-39.83366394042969,1633.7176513671875,0.1848357915878296,-0.9521303772926331,0.24348202347755432,-0.9011639952659607,-0.06535845249891281,0.4285227656364441,-0.3920959234237671,-0.29862356185913086,-0.8701061606407166
300,1648559871.55202,78.3471450805664,-55.14984130859375,1838.017333984375,0.8724316358566284,-0.014670222997665405,-0.4885160028934479,-0.06642580777406693,0.9867150783538818,-0.14825984835624695,0.4842011034488678,0.16179664433002472,0.8598669171333313
4,1648559871.5520453,-104.24514770507812,-39.81470489501953,1633.7635498046875,0.18558599054813385,-0.951880931854248,0.24388639628887177,-0.9004684090614319,-0.06539561599493027,0.42997679114341736,-0.393337607383728,-0.2994096577167511,-0.8692752122879028
300,1648559871.5877588,78.34098815917969,-55.15910720825195,1837.9915771484375,0.872958779335022,-0.013742105104029179,-0.4876003861427307,-0.06592686474323273,0.9871076345443726,-0.14584970474243164,0.4833183288574219,0.15946674346923828,0.8607982993125916
4,1648559871.5877867,-104.26924896240234,-39.78301239013672,1633.741943359375,0.18254290521144867,-0.9525020718574524,0.2437579184770584,-0.9019427299499512,-0.06353854387998581,0.4271559417247772,-0.39137890934944153,-0.2978299558162689,-0.8707007765769958
300,1648559871.6402922,78.36259460449219,-55.16004943847656,1837.97021484375,0.87225341796875,-0.014194905757904053,-0.48884811997413635,-0.06622517108917236,0.9869431853294373,-0.14682412147521973,0.48454949259757996,0.16044189035892487,0.8599244952201843
4,1648559871.6403174,-104.13774108886719,-39.6106071472168,1633.835205078125,0.1850263625383377,-0.9518628716468811,0.24438144266605377,-0.9015008211135864,-0.06540154665708542,0.427807092666626,-0.3912307620048523,-0.2994656562805176,-0.8702061772346497
300,1648559871.6732588,78.3646240234375,-55.161373138427734,1837.9962158203125,0.8722110986709595,-0.014075937680900097,-0.48892709612846375,-0.06603628396987915,0.9870454668998718,-0.14622050523757935,0.48465147614479065,0.15982207655906677,0.8599824905395508
4,1648559871.6732855,-104.13043212890625,-39.61109924316406,1633.9583740234375,0.18585987389087677,-0.9514340162277222,0.2454167902469635,-0.9014652371406555,-0.06574244052171707,0.4278298318386078,-0.3909175395965576,-0.30075109004974365,-0.869903564453125
300,1648559871.7094014,78.3639144897461,-55.1509895324707,1838.028076171875,0.8724532723426819,-0.014101019129157066,-0.48849400877952576,-0.06594650447368622,0.9870436787605286,-0.1462731659412384,0.4842275381088257,0.1598309725522995,0.8602195978164673
4,1648559871.7094297,-104.0351333618164,-39.57279586791992,1633.99169921875,0.18686357140541077,-0.9510365128517151,0.24619415402412415,-0.9012418985366821,-0.06622523814439774,0.42822569608688354,-0.39095398783683777,-0.3019002676010132,-0.8694890737533569
300,1648559871.7595036,78.36614227294922,-55.157039642333984,1838.016357421875,0.8722795248031616,-0.013928914442658424,-0.488809198141098,-0.0659172311425209,0.9871218800544739,-0.14575786888599396,0.4845444858074188,0.1593625545501709,0.8601280450820923
4,1648559871.7595305,-103.93460845947266,-39.477317810058594,1634.0875244140625,0.18851542472839355,-0.9509722590446472,0.24518099427223206,-0.9010292291641235,-0.06817267090082169,0.42836758494377136,-0.39065104722976685,-0.3016691505908966,-0.8697053790092468
300,1648559871.794261,78.37198638916016,-55.154441833496094,1838.1036376953125,0.8726819157600403,-0.01421431079506874,-0.4880821406841278,-0.06624463200569153,0.9868881106376648,-0.14718511700630188,0.4837746024131775,0.16077861189842224,0.8602978587150574
4,1648559871.7942865,-103.8089599609375,-39.47773361206055,1634.155517578125,0.18716789782047272,-0.9504777789115906,0.24811331927776337,-0.9017720222473145,-0.06607825309038162,0.42713093757629395,-0.389583557844162,-0.30368685722351074,-0.8694819808006287
300,1648559871.8618205,78.38687896728516,-55.14410400390625,1838.0745849609375,0.8725696206092834,-0.01461532898247242,-0.4882710576057434,-0.06596749275922775,0.9868704676628113,-0.14742767810821533,0.48401501774787903,0.16085092723369598,0.860149085521698
4,1648559871.861845,-103.76460266113281,-39.4471549987793,1634.258544921875,0.18696436285972595,-0.9509646892547607,0.24639496207237244,-0.902125895023346,-0.06692061573266983,0.4262516498565674,-0.38886135816574097,-0.3019731342792511,-0.8704016804695129
300,1648559871.8945856,78.40292358398438,-55.144569396972656,1838.0552978515625,0.8720377683639526,-0.014661431312561035,-0.48921898007392883,-0.06610219925642014,0.9868651032447815,-0.14740325510501862,0.484954297542572,0.16087964177131653,0.8596144914627075
4,1648559871.8946123,-103.77705383300781,-39.352294921875,1634.301025390625,0.18920353055000305,-0.9506493806838989,0.24590186774730682,-0.9013519287109375,-0.06878866255283356,0.4275895357131958,-0.38957247138023376,-0.30254557728767395,-0.869884729385376
300,1648559871.9368312,78.39147186279297,-55.15285873413086,1838.02783203125,0.872367262840271,-0.013825101777911186,-0.48865556716918945,-0.06583850085735321,0.9871701002120972,-0.1454666256904602,0.4843972623348236,0.1590726673603058,0.8602645993232727
4,1648559871.9368575,-103.9169692993164,-39.39445114135742,1634.30908203125,0.18783295154571533,-0.9518866539001465,0.2421375811100006,-0.9021632671356201,-0.06972744315862656,0.4257223308086395,-0.3883557617664337,-0.2984123229980469,-0.871854305267334
300,1648559871.9696,78.39492797851562,-55.141441345214844,1838.0391845703125,0.8724890351295471,-0.014215309172868729,-0.48842689394950867,-0.06604155898094177,0.9869744181632996,-0.14669683575630188,0.4841502010822296,0.16024786233901978,0.8601855635643005
4,1648559871.9696267,-103.98419952392578,-39.30409240722656,1634.244140625,0.18777742981910706,-0.9521030783653259,0.24132826924324036,-0.9020321369171143,-0.06993310153484344,0.4259664714336395,-0.3886871635913849,-0.29767274856567383,-0.871959388256073
300,1648559872.005912,78.40850830078125,-55.140445709228516,1838.0150146484375,0.8725813627243042,-0.014036744832992554,-0.48826709389686584,-0.0658387839794159,0.9870858192443848,-0.14603722095489502,0.48401138186454773,0.15957626700401306,0.8603885173797607
4,1648559872.005941,-104.12042236328125,-39.23960494995117,1634.115234375,0.18684148788452148,-0.952017605304718,0.24238961935043335,-0.9021328687667847,-0.06859647482633591,0.4259703755378723,-0.3889042139053345,-0.29825660586357117,-0.8716630935668945
300,1648559872.055992,78.40811157226562,-55.145931243896484,1837.9879150390625,0.8724299669265747,-0.014052988961338997,-0.488537073135376,-0.0658969059586525,0.9870766997337341,-0.14607246220111847,0.48427632451057434,0.15963107347488403,0.8602292537689209
4,1648559872.056034,-104.21189880371094,-39.23744201660156,1634.0357666015625,0.18483586609363556,-0.9522975087165833,0.24282748997211456,-0.9023764729499817,-0.06657766550779343,0.4257746934890747,-0.3892972767353058,-0.29782024025917053,-0.8716368079185486
300,1648559872.0909193,78.42736053466797,-55.131858825683594,1837.9725341796875,0.8723354935646057,-0.014254369772970676,-0.48869994282722473,-0.06592978537082672,0.987014889717102,-0.146474689245224,0.4844420254230499,0.1599949449300766,0.8600683212280273
4,1648559872.0909445,-104.19915008544922,-39.12188720703125,1633.98681640625,0.18603797256946564,-0.9519916772842407,0.24310854077339172,-0.9013928174972534,-0.06690272688865662,0.42780253291130066,-0.39099982380867004,-0.29872381687164307,-0.870564877986908
300,1648559872.1287203,78.43370056152344,-55.12443161010742,1837.9683837890625,0.8717926740646362,-0.014453190378844738,-0.4896617531776428,-0.066038578748703,0.9869731068611145,-0.14670711755752563,0.4854033589363098,0.16023476421833038,0.8594814538955688
4,1648559872.128745,-104.23817443847656,-39.08570098876953,1633.95947265625,0.18585586547851562,-0.9522184133529663,0.24235861003398895,-0.9010526537895203,-0.06679856032133102,0.4285348057746887,-0.39186951518058777,-0.2980235815048218,-0.8704138398170471
300,1648559872.1771476,78.43661499023438,-55.11428451538086,1837.9775390625,0.8728560209274292,-0.01470572967082262,-0.48775622248649597,-0.06574869900941849,0.9868871569633484,-0.14741389453411102,0.483528196811676,0.1607404351234436,0.8604434728622437
4,1648559872.177175,-104.0537109375,-39.03996658325195,1633.982177734375,0.18621192872524261,-0.9515767693519592,0.24459512531757355,-0.9009206295013428,-0.06604647636413574,0.4289287328720093,-0.39200395345687866,-0.3002324402332306,-0.8695937991142273
300,1648559872.227482,78.47222900390625,-55.09900665283203,1837.9569091796875,0.8723017573356628,-0.015409004874527454,-0.48872509598731995,-0.06595277786254883,0.9866617918014526,-0.14882436394691467,0.48449963331222534,0.16205252707004547,0.8596505522727966
4,1648559872.227509,-104.0945816040039,-38.9246826171875,1633.8736572265625,0.18533149361610413,-0.9519951343536377,0.2436339110136032,-0.900940477848053,-0.06561490148305893,0.4289533495903015,-0.39237549901008606,-0.2989982068538666,-0.8698514699935913
300,1648559872.2778413,78.4727554321289,-55.08400344848633,1837.9515380859375,0.8727705478668213,-0.015169023536145687,-0.4878949522972107,-0.06575702875852585,0.9867525696754456,-0.14830829203128815,0.4836812913417816,0.16152162849903107,0.8602111339569092
4,1648559872.277869,-104.37979888916016,-38.871212005615234,1633.7625732421875,0.1839188188314438,-0.9524495601654053,0.24292731285095215,-0.9009623527526855,-0.06453990191221237,0.42907044291496277,-0.39298945665359497,-0.2977824807167053,-0.8699913024902344
300,1648559872.312287,78.47091674804688,-55.07878494262695,1837.9703369140625,0.8727420568466187,-0.015111134387552738,-0.4879477024078369,-0.06594324856996536,0.9867108464241028,-0.1485031396150589,0.48370733857154846,0.16178178787231445,0.8601475954055786
4,1648559872.3123136,-104.34687042236328,-38.8101692199707,1633.7666015625,0.18514396250247955,-0.9517639875411987,0.24467749893665314,-0.9004619121551514,-0.06459205597639084,0.4301118850708008,-0.3935607671737671,-0.2999553680419922,-0.8689860105514526
300,1648559872.353368,78.49787139892578,-55.07353973388672,1837.9166259765625,0.8727155327796936,-0.015074408613145351,-0.4879962205886841,-0.06550798565149307,0.9868698120117188,-0.1476370245218277,0.4838142991065979,0.16081278026103973,0.8602691292762756
4,1648559872.3533967,-104.4105453491211,-38.72788619995117,1633.67431640625,0.18467028439044952,-0.952332615852356,0.2428157478570938,-0.9001765251159668,-0.06474476307630539,0.4306858479976654,-0.3944351375102997,-0.2981119155883789,-0.8692238926887512
300,1648559872.403436,78.49109649658203,-55.084625244140625,1837.9510498046875,0.8729586005210876,-0.014729795046150684,-0.4875718951225281,-0.06564387679100037,0.9869044423103333,-0.14734500646591187,0.4833572208881378,0.1606321930885315,0.8605597615242004
4,1648559872.4034638,-104.43865203857422,-38.709712982177734,1633.677001953125,0.18337738513946533,-0.9523159265518188,0.24385873973369598,-0.9001297950744629,-0.06294997036457062,0.43104949593544006,-0.39514440298080444,-0.29854923486709595,-0.8687515258789062
300,1648559872.4368625,78.50845336914062,-55.077354431152344,1837.902587890625,0.8728232979774475,-0.014459698460996151,-0.48782211542129517,-0.06535402685403824,0.9870951175689697,-0.14619183540344238,0.48364073038101196,0.15948078036308289,0.8606145977973938
4,1648559872.4368865,-104.29530334472656,-38.6950569152832,1633.67724609375,0.18376478552818298,-0.9521769285202026,0.2441098541021347,-0.9003178477287292,-0.06336431950330734,0.4305958151817322,-0.39453554153442383,-0.29890480637550354,-0.8689060211181641
300,1648559872.4743445,78.52885437011719,-55.0683479309082,1837.862060546875,0.8727962970733643,-0.014576672576367855,-0.48786693811416626,-0.0651523768901825,0.9871292114257812,-0.14605173468589783,0.4837166368961334,0.1592591106891632,0.8606129884719849
4,1648559872.4743729,-104.22870635986328,-38.666099548339844,1633.7242431640625,0.18592913448810577,-0.9520224332809448,0.24307115375995636,-0.9000592231750488,-0.06579578667879105,0.43077170848846436,-0.3941112756729126,-0.2988714575767517,-0.8691099882125854
300,1648559872.5246487,78.50415802001953,-55.088462829589844,1837.9666748046875,0.8720206618309021,-0.01488138735294342,-0.4892427623271942,-0.06557941436767578,0.9869737029075623,-0.1469089537858963,0.48505595326423645,0.16019189357757568,0.8596855998039246
4,1648559872.5246756,-104.36034393310547,-38.749027252197266,1633.8033447265625,0.18444176018238068,-0.9522237777709961,0.2434154450893402,-0.9003394246101379,-0.0643690973520279,0.43040159344673157,-0.39417019486427307,-0.29854056239128113,-0.8691970109939575
300,1648559872.57527,78.52702331542969,-55.06770324707031,1837.9398193359375,0.8727630972862244,-0.015206811018288136,-0.4879070520401001,-0.06542562693357468,0.9868523478507996,-0.1477903425693512,0.4837396442890167,0.1609075963497162,0.8602933883666992
4,1648559872.5752997,-104.19815826416016,-38.68584442138672,1633.807861328125,0.18558581173419952,-0.9515038132667542,0.2453536093235016,-0.9002586007118225,-0.06457211077213287,0.4305402636528015,-0.3938177227973938,-0.30078384280204773,-0.8685831427574158
300,1648559872.6253386,78.53058624267578,-55.063011169433594,1837.925537109375,0.872397243976593,-0.01530973520129919,-0.48855775594711304,-0.06544989347457886,0.9868499040603638,-0.1477956622838974,0.4843958914279938,0.16091258823871613,0.8599231243133545
4,1648559872.6253662,-104.23480987548828,-38.672119140625,1633.78857421875,0.18544554710388184,-0.9517731070518494,0.24441339075565338,-0.9001073241233826,-0.06474237143993378,0.4308308959007263,-0.39422935247421265,-0.29989394545555115,-0.868704080581665
300,1648559872.660433,78.53927612304688,-55.071632385253906,1837.8970947265625,0.8718805909156799,-0.015222142450511456,-0.48948195576667786,-0.06567540764808655,0.9868533611297607,-0.14767272770404816,0.48529478907585144,0.16089990735054016,0.859418511390686
4,1648559872.6604595,-104.11479949951172,-38.66964340209961,1633.8060302734375,0.18508212268352509,-0.9515067338943481,0.24572256207466125,-0.900571346282959,-0.06414162367582321,0.42995017766952515,-0.3933394253253937,-0.3008667826652527,-0.8687711358070374
300,1648559872.7258072,78.5737533569336,-55.05625534057617,1837.843994140625,0.8720353841781616,-0.015610946342349052,-0.4891938269138336,-0.06548486649990082,0.986783504486084,-0.1482229232788086,0.4850423038005829,0.16129042208194733,0.8594878315925598
4,1648559872.725835,-104.08956909179688,-38.634639739990234,1633.7757568359375,0.1851118505001068,-0.9518634676933289,0.2443145364522934,-0.9007126688957214,-0.06491506099700928,0.42953774333000183,-0.39300158619880676,-0.2995697259902954,-0.8693720102310181
300,1648559872.7761872,78.53614807128906,-55.067604064941406,1837.899169921875,0.8728609681129456,-0.015090201050043106,-0.4877355396747589,-0.06567849218845367,0.986793577671051,-0.14807021617889404,0.4835287034511566,0.16127845644950867,0.8603425025939941
4,1648559872.776215,-104.28606414794922,-38.655487060546875,1633.768798828125,0.1834053099155426,-0.9516995549201965,0.24623245000839233,-0.9009537100791931,-0.0625312328338623,0.4293859004974365,-0.39324915409088135,-0.3005957007408142,-0.8689058423042297
