300,1648559747.1289968,77.16323852539062,-55.59732437133789,1840.025390625,0.8738754391670227,-0.005025266204029322,-0.4861239194869995,-0.06493951380252838,0.9897785782814026,-0.126969575881958,0.481793075799942,0.14252424240112305,0.8646168112754822
4,1648559747.1290236,-145.9040069580078,-68.80828857421875,1680.0960693359375,0.021731220185756683,-0.9993142485618591,0.029979277402162552,-0.9815402626991272,-0.015626246109604836,0.19061625003814697,-0.19001707434654236,-0.03356819227337837,-0.9812067747116089
410,1648559747.1290414,-167.74681091308594,-160.99639892578125,1644.7164306640625,0.01593954861164093,0.9223108887672424,0.38611993193626404,-0.9892182946205139,0.07077152281999588,-0.12821315228939056,-0.14557868242263794,-0.37991324067115784,0.9134948253631592
300,1648559747.1637392,77.17346954345703,-55.60671615600586,1840.04052734375,0.8732249140739441,-0.00542242918163538,-0.4872872531414032,-0.06486246734857559,0.9897478222846985,-0.12724806368350983,0.48298150300979614,0.14272283017635345,0.8639207482337952
4,1648559747.1637638,-145.9357452392578,-68.82044219970703,1680.086669921875,0.022266866639256477,-0.9993733167648315,0.027515821158885956,-0.9815980792045593,-0.01663311943411827,0.1902330070734024,-0.1896561235189438,-0.031245369464159012,-0.9813532829284668
410,1648559747.163783,-167.7320556640625,-161.29981994628906,1644.749755859375,0.015521954745054245,0.9217285513877869,0.38752493262290955,-0.9891268610954285,0.07084144651889801,-0.1288778930902481,-0.14624325931072235,-0.38131090998649597,0.9128060340881348
300,1648559747.1950834,77.17160034179688,-55.60586929321289,1840.0335693359375,0.8730559945106506,-0.0054781474173069,-0.4875892102718353,-0.06502202153205872,0.989699125289917,-0.12754502892494202,0.48326534032821655,0.14305798709392548,0.8637065887451172
4,1648559747.1951096,-145.80758666992188,-68.82538604736328,1680.1026611328125,0.022229734808206558,-0.9992635250091553,0.031276389956474304,-0.9815115332603455,-0.015864631161093712,0.1907443106174469,-0.19010764360427856,-0.03493833169341087,-0.9811413884162903
410,1648559747.1951287,-167.65133666992188,-161.47972106933594,1644.6588134765625,0.013912852853536606,0.9220299124717712,0.3868684768676758,-0.9889046549797058,0.06991665810346603,-0.13106977939605713,-0.1478988230228424,-0.38075247406959534,0.9127724170684814
300,1648559747.246823,77.19288635253906,-55.58711242675781,1840.033935546875,0.8734233975410461,-0.006088943686336279,-0.486923485994339,-0.06513310223817825,0.9894763231277466,-0.12920643389225006,0.48258596658706665,0.14456675946712494,0.8638351559638977
4,1648559747.2468488,-145.8118438720703,-68.75450134277344,1679.9775390625,0.024050995707511902,-0.999293863773346,0.02886633202433586,-0.9809783101081848,-0.01802699640393257,0.19327838718891144,-0.19262154400348663,-0.03296578302979469,-0.9807192087173462
410,1648559747.2468667,-167.70301818847656,-161.92727661132812,1644.5223388671875,0.016273969784379005,0.9211330413818359,0.3889075815677643,-0.9888491630554199,0.0724119246006012,-0.13012991845607758,-0.14802850782871246,-0.38245323300361633,0.9120400547981262
300,1648559747.294951,77.20085906982422,-55.59153747558594,1840.0103759765625,0.8731322884559631,-0.006101883482187986,-0.4874451458454132,-0.0652175098657608,0.9894707202911377,-0.12920664250850677,0.48310109972953796,0.14460444450378418,0.8635408878326416
4,1648559747.294977,-145.854248046875,-68.78641510009766,1680.0145263671875,0.022594258189201355,-0.9993414282798767,0.028394602239131927,-0.9812997579574585,-0.016737904399633408,0.19175681471824646,-0.19115525484085083,-0.03219621628522873,-0.9810316562652588
410,1648559747.2949955,-167.62554931640625,-162.05714416503906,1644.5059814453125,0.012826327234506607,0.9203166961669922,0.3909637928009033,-0.9892340302467346,0.06868276000022888,-0.12922334671020508,-0.14577887952327728,-0.3850972354412079,0.9112895131111145
300,1648559747.3284497,77.1799087524414,-55.58283615112305,1839.9931640625,0.873455286026001,-0.00636068731546402,-0.48686283826828003,-0.06554706394672394,0.989276647567749,-0.1305191069841385,0.4824722409248352,0.14591503143310547,0.8636720180511475
4,1648559747.3284738,-145.89889526367188,-68.78822326660156,1680.0341796875,0.021961141377687454,-0.9993466138839722,0.028706375509500504,-0.9811662435531616,-0.016032060608267784,0.1924988478422165,-0.19191284477710724,-0.03239322081208229,-0.9808772206306458
410,1648559747.3284929,-167.7646484375,-162.05104064941406,1644.6553955078125,0.01441841758787632,0.9206406474113464,0.3901446759700775,-0.9891563057899475,0.07016723603010178,-0.12902072072029114,-0.14615708589553833,-0.3840537667274475,0.9116692543029785
300,1648559747.3615904,77.17134857177734,-55.57981491088867,1840.03369140625,0.873500406742096,-0.0064905728213489056,-0.4867801368236542,-0.06558341532945633,0.9892271161079407,-0.13087590038776398,0.4823855757713318,0.1462448537349701,0.8636646270751953
4,1648559747.361616,-145.91421508789062,-68.78833770751953,1680.0013427734375,0.022878948599100113,-0.9993376731872559,0.028297172859311104,-0.9813374280929565,-0.017043307423591614,0.1915367692708969,-0.1909276396036148,-0.0321512371301651,-0.9810774326324463
410,1648559747.3616345,-167.7904815673828,-161.94219970703125,1644.724365234375,0.01559718418866396,0.9211443066596985,0.3889085650444031,-0.9890428781509399,0.07131990045309067,-0.12925824522972107,-0.14680242538452148,-0.38263118267059326,0.9121636152267456
300,1648559747.4027503,77.18696594238281,-55.59038543701172,1840.0919189453125,0.873270571231842,-0.005976165644824505,-0.48719891905784607,-0.06512342393398285,0.9895212054252625,-0.12886708974838257,0.48286381363868713,0.14426389336585999,0.8637305498123169
4,1648559747.4027774,-146.12033081054688,-68.7887954711914,1680.0103759765625,0.0218211617320776,-0.9993892312049866,0.027294130995869637,-0.9811843037605286,-0.016169201582670212,0.19239506125450134,-0.19183623790740967,-0.0309788566082716,-0.9809378981590271
410,1648559747.4027975,-168.06591796875,-161.60861206054688,1644.691650390625,0.014640165492892265,0.9210098385810852,0.3892640471458435,-0.9891349673271179,0.07029369473457336,-0.12911567091941833,-0.14627961814403534,-0.38314440846443176,0.9120321273803711
300,1648559747.4362092,77.1997299194336,-55.57887649536133,1840.043701171875,0.8731359839439392,-0.006251007318496704,-0.4874366223812103,-0.06533347070217133,0.9893960356712341,-0.1297188699245453,0.4830787181854248,0.1451081484556198,0.8634688854217529
4,1648559747.4362345,-146.14718627929688,-68.76383209228516,1679.9639892578125,0.020273901522159576,-0.9994717240333557,0.025401785969734192,-0.981512188911438,-0.015060216188430786,0.1908063441514969,-0.19032299518585205,-0.02880055084824562,-0.9812989830970764
410,1648559747.4362543,-168.1646270751953,-161.30238342285156,1644.6680908203125,0.013471664860844612,0.9202461838722229,0.391107976436615,-0.9889678955078125,0.06996791064739227,-0.13056409358978271,-0.147516131401062,-0.38503432273864746,0.9110365509986877
300,1648559747.478045,77.18148040771484,-55.58171844482422,1840.036865234375,0.8738002181053162,-0.005732766818255186,-0.4862512946128845,-0.06521393358707428,0.9895166158676147,-0.12885645031929016,0.4818924367427826,0.14430515468120575,0.8642659783363342
4,1648559747.4780715,-146.20701599121094,-68.70521545410156,1679.838623046875,0.01992296613752842,-0.9994992017745972,0.024583883583545685,-0.9812191724777222,-0.014828117564320564,0.1923253834247589,-0.19186453521251678,-0.027953870594501495,-0.9810232520103455
410,1648559747.47809,-168.24807739257812,-160.96206665039062,1644.490966796875,0.012532045133411884,0.9205052256584167,0.39052918553352356,-0.9890589714050293,0.06882331520318985,-0.13048267364501953,-0.14698749780654907,-0.38462117314338684,0.9112964272499084
300,1648559747.510099,77.17337036132812,-55.589595794677734,1839.9869384765625,0.8735759258270264,-0.005693075247108936,-0.4866545498371124,-0.06514696776866913,0.9895648956298828,-0.12851928174495697,0.48230794072151184,0.1439754217863083,0.8640891909599304
4,1648559747.5101247,-146.21229553222656,-68.66537475585938,1679.729736328125,0.019779305905103683,-0.9994578957557678,0.026318635791540146,-0.9814245104789734,-0.014384712092578411,0.19130860269069672,-0.19082631170749664,-0.029613707214593887,-0.981177031993866
410,1648559747.510145,-168.35348510742188,-160.66015625,1644.440185546875,0.012075911276042461,0.9200419783592224,0.39163365960121155,-0.9889948964118958,0.06874683499336243,-0.13100753724575043,-0.14745602011680603,-0.385741651058197,0.9107469916343689
300,1648559747.5595422,77.2103271484375,-55.57379913330078,1839.888671875,0.8723022937774658,-0.006650432012975216,-0.4889217019081116,-0.06547438353300095,0.989314079284668,-0.1302720159292221,0.4845634996891022,0.14564843475818634,0.8625454902648926
4,1648559747.5595665,-146.28158569335938,-68.6070556640625,1679.524658203125,0.020030897110700607,-0.9994730949401855,0.025539148598909378,-0.9813808798789978,-0.014774910174310207,0.1915026605129242,-0.19102442264556885,-0.028899602591991425,-0.9811597466468811
410,1648559747.5595849,-168.2209930419922,-160.63442993164062,1644.2896728515625,0.013769689947366714,0.9204556345939636,0.39060449600219727,-0.9890725612640381,0.06988408416509628,-0.12981411814689636,-0.146785169839859,-0.38454869389533997,0.9113596677780151
300,1648559747.5931287,77.1794204711914,-55.5838508605957,1839.97216796875,0.8735306262969971,-0.005175434518605471,-0.48674169182777405,-0.06508567184209824,0.989722728729248,-0.127329483628273,0.48239830136299133,0.14290611445903778,0.8642162680625916
4,1648559747.5931551,-146.2124481201172,-68.61001586914062,1679.5899658203125,0.020978476852178574,-0.999382495880127,0.028187336400151253,-0.9808014631271362,-0.015104781836271286,0.19442301988601685,-0.1938772052526474,-0.03172488138079643,-0.9805126786231995
410,1648559747.5931737,-168.20445251464844,-160.6664581298828,1644.2921142578125,0.01309862732887268,0.921168327331543,0.3889438509941101,-0.9889920353889465,0.06927071511745453,-0.13075293600559235,-0.14738789200782776,-0.38294968008995056,0.9119355082511902
300,1648559747.6342826,77.20095825195312,-55.576438903808594,1839.8841552734375,0.8728005886077881,-0.006125941872596741,-0.4880385100841522,-0.06545165181159973,0.9894205927848816,-0.12947210669517517,0.4836684763431549,0.14494626224040985,0.8631659150123596
4,1648559747.6343095,-146.2206268310547,-68.64137268066406,1679.642578125,0.020116984844207764,-0.999381422996521,0.02884647250175476,-0.9809804558753967,-0.01415875181555748,0.19358956813812256,-0.19306138157844543,-0.03219226375222206,-0.9806584119796753
410,1648559747.634329,-168.16070556640625,-160.67396545410156,1644.2281494140625,0.013767248950898647,0.9211477637290955,0.38896945118904114,-0.9889217019081116,0.07004348188638687,-0.1308731734752655,-0.1477983146905899,-0.3828585743904114,0.9119073152542114
300,1648559747.668972,77.19310760498047,-55.571224212646484,1839.8778076171875,0.8727283477783203,-0.005999310873448849,-0.4881693124771118,-0.06554553657770157,0.9894317388534546,-0.1293390393257141,0.4837861657142639,0.144875168800354,0.8631118535995483
4,1648559747.6689985,-146.20806884765625,-68.64317321777344,1679.7607421875,0.019295549020171165,-0.9994328618049622,0.02759702317416668,-0.9811717867851257,-0.013623244129121304,0.19265595078468323,-0.19217072427272797,-0.030794823542237282,-0.9808782339096069
410,1648559747.6690168,-168.080322265625,-160.67584228515625,1644.304443359375,0.01343395747244358,0.9209056496620178,0.3895540237426758,-0.9888628721237183,0.06998679041862488,-0.13134735822677612,-0.1482221633195877,-0.383450984954834,0.9115895628929138
300,1648559747.7097776,77.19214630126953,-55.568111419677734,1840.020751953125,0.8728653788566589,-0.0058688875287771225,-0.48792576789855957,-0.06525133550167084,0.9895433187484741,-0.128632590174675,0.4835785925388336,0.14411674439907074,0.8633551597595215
4,1648559747.7098043,-146.2119140625,-68.6185302734375,1679.892578125,0.020904038101434708,-0.9994128346443176,0.02714749611914158,-0.9804405570030212,-0.015176938846707344,0.196229487657547,-0.19570225477218628,-0.030718494206666946,-0.9801821112632751
410,1648559747.709824,-168.04489135742188,-160.6322479248047,1644.2340087890625,0.01332493033260107,0.9212579727172852,0.38872385025024414,-0.9889172911643982,0.06963197141885757,-0.13112588226795197,-0.14786837995052338,-0.38266846537590027,0.9119757413864136
300,1648559747.7431934,77.19468688964844,-55.56338882446289,1840.0111083984375,0.8725335597991943,-0.005951088387519121,-0.4885179102420807,-0.06527403742074966,0.9895409345626831,-0.1286393702030182,0.484173983335495,0.1441296935081482,0.8630192279815674
4,1648559747.7432184,-146.0604705810547,-68.60530090332031,1679.663330078125,0.02054194174706936,-0.9994563460350037,0.02578914724290371,-0.9810640215873718,-0.01518164575099945,0.19308774173259735,-0.19259124994277954,-0.02926720306277275,-0.9808425307273865
410,1648559747.7432363,-168.0316925048828,-160.7473907470703,1644.2496337890625,0.01302177645266056,0.9203537702560425,0.39087000489234924,-0.988932192325592,0.06963268667459488,-0.13101300597190857,-0.147795632481575,-0.38483792543411255,0.9110742211341858
300,1648559747.7892785,77.19740295410156,-55.56277847290039,1840.105224609375,0.8723618984222412,-0.0072688451036810875,-0.4888065755367279,-0.06562640517950058,0.989097535610199,-0.13183040916919708,0.4844356179237366,0.14708244800567627,0.862373948097229
4,1648559747.7893043,-146.04486083984375,-68.6258316040039,1679.6416015625,0.021212315186858177,-0.9993909597396851,0.02770838886499405,-0.9815523028373718,-0.015550349839031696,0.1905602514743805,-0.19001330435276031,-0.031239457428455353,-0.9812843799591064
410,1648559747.789323,-167.90499877929688,-160.80172729492188,1644.3055419921875,0.01532777026295662,0.921237587928772,0.38869836926460266,-0.9888655543327332,0.07151524722576141,-0.13050074875354767,-0.14802004396915436,-0.38237014412879944,0.9120762944221497
300,1648559747.8227735,77.20726776123047,-55.5641975402832,1840.1129150390625,0.8725424408912659,-0.007417089305818081,-0.4884820282459259,-0.06567744165658951,0.9890270829200745,-0.13233251869678497,0.4841035008430481,0.14754797518253326,0.8624809384346008
4,1648559747.8227987,-145.95680236816406,-68.61870574951172,1679.606201171875,0.02100215293467045,-0.9994345903396606,0.026257716119289398,-0.9815496206283569,-0.015619595535099506,0.1905684471130371,-0.19005055725574493,-0.029775599017739296,-0.981322705745697
410,1648559747.8228173,-167.9062042236328,-160.62103271484375,1644.2794189453125,0.013702144846320152,0.9212181568145752,0.388805091381073,-0.9887834191322327,0.07031992077827454,-0.13176661729812622,-0.14872653782367706,-0.382638543844223,0.911848783493042
300,1648559747.8648384,77.18995666503906,-55.572940826416016,1840.0347900390625,0.873121440410614,-0.00602811761200428,-0.48746544122695923,-0.06519407778978348,0.9894981384277344,-0.1290084421634674,0.4831238389015198,0.14441990852355957,0.8635590672492981
4,1648559747.8648653,-146.08753967285156,-68.6070327758789,1679.6202392578125,0.021092021837830544,-0.9994003176689148,0.027460580691695213,-0.9810393452644348,-0.015396052971482277,0.19319631159305573,-0.1926576793193817,-0.031014811247587204,-0.980775773525238
410,1648559747.8648856,-168.0214385986328,-160.60348510742188,1644.3148193359375,0.013985461555421352,0.9212008118629456,0.3888360261917114,-0.9888472557067871,0.07040813565254211,-0.13123925030231476,-0.14827492833137512,-0.3826639950275421,0.9119116067886353
300,1648559747.9151802,77.14704895019531,-55.57470703125,1840.1326904296875,0.8740243911743164,-0.006172253284603357,-0.48584282398223877,-0.06528148800134659,0.9893613457679749,-0.13000954687595367,0.4814765453338623,0.14534805715084076,0.8643230199813843
4,1648559747.9152071,-146.16744995117188,-68.62816619873047,1679.63623046875,0.019102467224001884,-0.9993938207626343,0.02910381183028221,-0.981177031993866,-0.013143657706677914,0.19266249239444733,-0.19216318428516388,-0.03223631903529167,-0.9808334112167358
410,1648559747.915228,-167.9647674560547,-160.6798553466797,1644.298583984375,0.013702474534511566,0.921109139919281,0.3890632688999176,-0.9891835451126099,0.06931734830141068,-0.12927094101905823,-0.14604148268699646,-0.38308367133140564,0.912095844745636
300,1648559747.965562,77.18547821044922,-55.58488464355469,1840.0455322265625,0.873022735118866,-0.0058955242857337,-0.48764386773109436,-0.06522100418806076,0.9895329475402832,-0.12872761487960815,0.4832985997200012,0.14418675005435944,0.8635002374649048
4,1648559747.965589,-146.0179901123047,-68.6629638671875,1679.6644287109375,0.02083544060587883,-0.9992539882659912,0.032517194747924805,-0.9812817573547363,-0.014211035333573818,0.19205236434936523,-0.19144698977470398,-0.03591002896428108,-0.9808458089828491
410,1648559747.9656074,-168.15554809570312,-160.9195556640625,1644.4364013671875,0.012877712957561016,0.9204108715057373,0.3907402753829956,-0.9891408681869507,0.06894197314977646,-0.12979739904403687,-0.14640533924102783,-0.3848256766796112,0.9113038182258606
300,1648559748.015999,77.20935821533203,-55.5794563293457,1839.9825439453125,0.8724227547645569,-0.006377736106514931,-0.4887104034423828,-0.06545276939868927,0.9893834590911865,-0.12975478172302246,0.4843495190143585,0.14518848061561584,0.8627431988716125
4,1648559748.0160253,-146.1140899658203,-68.65232849121094,1679.6641845703125,0.01995146833360195,-0.9993881583213806,0.02872662991285324,-0.9812467098236084,-0.014063444919884205,0.19224224984645844,-0.1917206346988678,-0.03202342614531517,-0.9809269309043884
410,1648559748.0160441,-168.1400146484375,-160.63095092773438,1644.2564697265625,0.012132533825933933,0.9211288094520569,0.38906875252723694,-0.9892579913139343,0.06774348765611649,-0.12953564524650574,-0.1456758975982666,-0.383317768573761,0.9120559096336365
300,1648559748.06636,77.1953353881836,-55.58137130737305,1840.0037841796875,0.8730535507202148,-0.006247319281101227,-0.48758429288864136,-0.06510663032531738,0.9894716143608093,-0.12925584614276886,0.48325830698013306,0.14459224045276642,0.8634549379348755
4,1648559748.0663872,-146.30584716796875,-68.58881378173828,1679.6209716796875,0.018437575548887253,-0.9995335340499878,0.02434690110385418,-0.9810493588447571,-0.013388284482061863,0.19329489767551422,-0.19287876784801483,-0.02744940109550953,-0.9808385968208313
410,1648559748.0664058,-168.24139404296875,-160.47372436523438,1644.2806396484375,0.01319967396557331,0.9216607213020325,0.38777223229408264,-0.988949179649353,0.06930404156446457,-0.13105891644954681,-0.14766603708267212,-0.38175711035728455,0.912390410900116
300,1648559748.0980735,77.19727325439453,-55.59654235839844,1839.9765625,0.872556209564209,-0.006124396342784166,-0.4884752929210663,-0.06499648839235306,0.9895760416984558,-0.12850935757160187,0.484170526266098,0.14388082921504974,0.8630626797676086
4,1648559748.0981028,-146.23562622070312,-68.59408569335938,1679.5916748046875,0.020840298384428024,-0.9993900656700134,0.028020350262522697,-0.9806087613105774,-0.014970042742788792,0.19540318846702576,-0.19486454129219055,-0.03154926002025604,-0.9803225994110107
410,1648559748.0981224,-168.25613403320312,-160.61929321289062,1644.1890869140625,0.014284995384514332,0.9211512804031372,0.3889424800872803,-0.9891148805618286,0.06999039649963379,-0.12943364679813385,-0.1464502066373825,-0.38285982608795166,0.9121242761611938
300,1648559748.141604,77.19242858886719,-55.59465026855469,1840.0760498046875,0.8729522824287415,-0.005475077778100967,-0.48777490854263306,-0.06479045748710632,0.9897763729095459,-0.1270628720521927,0.4834837317466736,0.14252299070358276,0.8636727929115295
4,1648559748.141631,-146.28811645507812,-68.658935546875,1679.8060302734375,0.020181335508823395,-0.999419629573822,0.027443958446383476,-0.9806934595108032,-0.014448047615587711,0.19501705467700958,-0.19450734555721283,-0.030849814414978027,-0.9804158210754395
410,1648559748.1416714,-168.25389099121094,-160.80955505371094,1644.4490966796875,0.0128705482929945,0.9205382466316223,0.3904404044151306,-0.9891727566719055,0.06880953907966614,-0.12962444126605988,-0.14619027078151703,-0.3845446705818176,0.9114569425582886
300,1648559748.1918495,77.19642639160156,-55.595096588134766,1839.957763671875,0.8730344772338867,-0.006032497622072697,-0.48762115836143494,-0.06511443853378296,0.9895276427268982,-0.12882229685783386,0.48329171538352966,0.14421747624874115,0.8634989261627197
4,1648559748.1918762,-146.23220825195312,-68.70243072509766,1679.84375,0.019900111481547356,-0.9994210004806519,0.02759711816906929,-0.9813535809516907,-0.014247415587306023,0.19168232381343842,-0.19117815792560577,-0.030897030606865883,-0.9810689687728882
410,1648559748.191895,-168.28407287597656,-160.7908172607422,1644.482177734375,0.011497978121042252,0.9213010668754578,0.38868004083633423,-0.9892076849937439,0.06726144254207611,-0.13016915321350098,-0.14606815576553345,-0.3829886317253113,0.9121314883232117
300,1648559748.2234066,77.1938247680664,-55.599918365478516,1840.0048828125,0.8730376958847046,-0.006059355102479458,-0.48761510848999023,-0.06518645584583282,0.9894987940788269,-0.12900739908218384,0.48327624797821045,0.14441421627998352,0.8634747266769409
4,1648559748.2234325,-146.34376525878906,-68.66687774658203,1679.744873046875,0.017190348356962204,-0.9995677471160889,0.023850901052355766,-0.9816303849220276,-0.012338855303823948,0.1903930902481079,-0.1900164932012558,-0.026685694232583046,-0.9814181327819824
410,1648559748.2234519,-168.41885375976562,-160.64852905273438,1644.504638671875,0.010778344236314297,0.9209011793136597,0.38964706659317017,-0.9889191389083862,0.06751614809036255,-0.13221397995948792,-0.14806348085403442,-0.383904367685318,0.9114245176315308
300,1648559748.2631726,77.19985961914062,-55.590518951416016,1839.9967041015625,0.8728731870651245,-0.005519258789718151,-0.48791590332984924,-0.06492225080728531,0.989732027053833,-0.12734055519104004,0.48360881209373474,0.14282874763011932,0.8635522127151489
4,1648559748.2632003,-146.32791137695312,-68.6188735961914,1679.704345703125,0.018043095245957375,-0.9994635581970215,0.027332689613103867,-0.9810150861740112,-0.012417416088283062,0.19353361427783966,-0.19309039413928986,-0.03030572459101677,-0.9807128310203552
410,1648559748.2632186,-168.48204040527344,-160.4731903076172,1644.4158935546875,0.01023758016526699,0.9207350015640259,0.3900541365146637,-0.9889115691184998,0.06711599230766296,-0.1324738711118698,-0.1481522023677826,-0.3843728303909302,0.9112126231193542
300,1648559748.3134143,77.19508361816406,-55.59305191040039,1839.9635009765625,0.8728312253952026,-0.0052385637536644936,-0.4879940152168274,-0.0649108812212944,0.9898116588592529,-0.12672580778598785,0.48368602991104126,0.14228637516498566,0.8635985255241394
4,1648559748.3134413,-146.04348754882812,-68.58882904052734,1679.6568603515625,0.01989283226430416,-0.9993897080421448,0.0287129208445549,-0.980641782283783,-0.013908140361309052,0.195315882563591,-0.1947973370552063,-0.032042473554611206,-0.9803199768066406
410,1648559748.3134634,-168.35386657714844,-160.58543395996094,1644.3043212890625,0.011436198838055134,0.9207011461257935,0.3901008367538452,-0.9891270399093628,0.06761959940195084,-0.13059595227241516,-0.1466182917356491,-0.3843657672405243,0.9114636778831482
300,1648559748.3638542,77.20011901855469,-55.58883285522461,1839.9857177734375,0.873013973236084,-0.005792415235191584,-0.48766082525253296,-0.06512023508548737,0.9895908236503601,-0.12833303213119507,0.48332804441452026,0.14379312098026276,0.8635494112968445
4,1648559748.3638818,-146.00848388671875,-68.54712677001953,1679.5899658203125,0.019631875678896904,-0.999326765537262,0.030994556844234467,-0.9808281660079956,-0.013238306157290936,0.194424569606781,-0.19388334453105927,-0.03421725332736969,-0.9804276823997498
410,1648559748.3639002,-168.23866271972656,-160.38302612304688,1644.127197265625,0.009853266179561615,0.920291006565094,0.3911104202270508,-0.988737165927887,0.06737980991601944,-0.13363678753376007,-0.14933767914772034,-0.38538867235183716,0.9105898141860962
300,1648559748.4142349,77.21205139160156,-55.592857360839844,1839.9595947265625,0.8728653788566589,-0.005927597638219595,-0.48792511224746704,-0.0651947408914566,0.989544689655304,-0.12865059077739716,0.48358628153800964,0.14410480856895447,0.8633528351783752
4,1648559748.4142616,-146.10748291015625,-68.52665710449219,1679.5272216796875,0.01929946057498455,-0.9993903040885925,0.029095211997628212,-0.9808579683303833,-0.013285781256854534,0.1942707598209381,-0.1937657594680786,-0.0322875939309597,-0.9805163741111755
410,1648559748.4142811,-168.25001525878906,-160.35752868652344,1644.1796875,0.009457034058868885,0.9201786518096924,0.3913845419883728,-0.9891903400421143,0.06588611751794815,-0.13100208342075348,-0.14633212983608246,-0.3859149217605591,0.9108548760414124
300,1648559748.46473,77.20362854003906,-55.5850715637207,1839.930419921875,0.8731451034545898,-0.005662810988724232,-0.4874275326728821,-0.0651974156498909,0.9895917177200317,-0.12828712165355682,0.4830807149410248,0.1437922865152359,0.8636879324913025
4,1648559748.4647586,-145.82911682128906,-68.51982116699219,1679.56982421875,0.022428099066019058,-0.9991461038589478,0.034698888659477234,-0.9808670282363892,-0.015277721919119358,0.1940784603357315,-0.1933826208114624,-0.038387808948755264,-0.9803721308708191
410,1648559748.464777,-168.13037109375,-160.24322509765625,1644.24365234375,0.009527701884508133,0.9212914109230042,0.3887561857700348,-0.9891954064369202,0.06556126475334167,-0.13112658262252808,-0.14629313349723816,-0.38330650329589844,0.9119618535041809
300,1648559748.5151746,77.19587707519531,-55.586578369140625,1839.9659423828125,0.8730453848838806,-0.005992906633764505,-0.4876020848751068,-0.06527253985404968,0.9894900321960449,-0.12903104722499847,0.4832506775856018,0.1444769948720932,0.8634785413742065
4,1648559748.5152016,-145.82798767089844,-68.5656967163086,1679.574951171875,0.023013858124613762,-0.999121904373169,0.03501036763191223,-0.980897068977356,-0.015800118446350098,0.19388489425182343,-0.1931614726781845,-0.03880360350012779,-0.9803993701934814
410,1648559748.5152204,-168.34857177734375,-160.2254180908203,1644.3858642578125,0.007168547250330448,0.92140132188797,0.38854631781578064,-0.989400327205658,0.06289171427488327,-0.13088774681091309,-0.1450364738702774,-0.38348957896232605,0.9120855927467346
300,1648559748.5655477,77.20559692382812,-55.5747184753418,1839.9547119140625,0.8731896281242371,-0.006023726426064968,-0.48734337091445923,-0.06553863734006882,0.9893906116485596,-0.12965700030326843,0.4829539656639099,0.14515496790409088,0.8635308146476746
4,1648559748.5655756,-146.17311096191406,-68.52544403076172,1679.56494140625,0.02146880328655243,-0.9992401599884033,0.03252927586436272,-0.9810189008712769,-0.014783068560063839,0.19334784150123596,-0.19272005558013916,-0.036062780767679214,-0.9805908799171448
410,1648559748.5655947,-168.8605499267578,-160.0390625,1644.51416015625,0.007676348555833101,0.9203703999519348,0.3909723162651062,-0.9892755746841431,0.06401997804641724,-0.13128313422203064,-0.14585915207862854,-0.38577157258987427,0.9109914302825928
300,1648559748.6160374,77.18417358398438,-55.573211669921875,1840.0003662109375,0.8740519881248474,-0.005787667818367481,-0.4857979714870453,-0.06515784561634064,0.9894988536834717,-0.12902119755744934,0.48144328594207764,0.14442478120326996,0.8644962906837463
4,1648559748.6160643,-146.3267059326172,-68.58768463134766,1679.702392578125,0.018320735543966293,-0.9993484616279602,0.03109608218073845,-0.9813690781593323,-0.012024392373859882,0.1917555183172226,-0.19125667214393616,-0.03402983397245407,-0.9809499979019165
410,1648559748.6160865,-169.0988311767578,-160.17823791503906,1644.622802734375,0.0066619329154491425,0.9199360609054565,0.392011821269989,-0.9897168278694153,0.06208105385303497,-0.12886644899845123,-0.14288540184497833,-0.38712218403816223,0.910889744758606
300,1648559748.6663756,77.17720794677734,-55.57856369018555,1840.052734375,0.8736852407455444,-0.005676012486219406,-0.4864584803581238,-0.06524897366762161,0.9895302653312683,-0.1287338137626648,0.4820961058139801,0.1442137509584427,0.8641676902770996
4,1648559748.6664023,-146.10568237304688,-68.58399963378906,1679.7366943359375,0.017317654564976692,-0.999286413192749,0.03356761112809181,-0.9813123941421509,-0.01055215299129486,0.19213181734085083,-0.19164051115512848,-0.03626758232712746,-0.9807948470115662
410,1648559748.6664205,-169.11048889160156,-160.0684356689453,1644.8226318359375,0.004257657565176487,0.9192796349525452,0.39358198642730713,-0.9896433353424072,0.060347601771354675,-0.13024671375751495,-0.14348489046096802,-0.38895124197006226,0.9100159406661987
300,1648559748.7168097,77.20476531982422,-55.588653564453125,1840.0301513671875,0.873134195804596,-0.00573743786662817,-0.487446129322052,-0.06517837941646576,0.9895785450935364,-0.12839801609516144,0.4831029176712036,0.14387965202331543,0.8636609315872192
4,1648559748.7168357,-146.10894775390625,-68.5531234741211,1679.7891845703125,0.01949768327176571,-0.9992237687110901,0.03423010930418968,-0.9812277555465698,-0.012554057873785496,0.19244332611560822,-0.1918642222881317,-0.03733973577618599,-0.9807109236717224
410,1648559748.716855,-169.3146514892578,-159.96499633789062,1645.006103515625,0.006329584866762161,0.9185846447944641,0.39517366886138916,-0.989668607711792,0.06235897168517113,-0.1291022151708603,-0.14323394000530243,-0.3902738392353058,0.909489095211029
300,1648559748.767158,77.21044921875,-55.58270263671875,1840.032958984375,0.8730883002281189,-0.006018610671162605,-0.48752492666244507,-0.0652177482843399,0.9894961714744568,-0.1290113478899002,0.48318052291870117,0.14443357288837433,0.8635250329971313
4,1648559748.7671847,-146.19393920898438,-68.60220336914062,1679.8233642578125,0.01743532530963421,-0.9993020296096802,0.03303750976920128,-0.9818137884140015,-0.010864048264920712,0.18953537940979004,-0.18904416263103485,-0.03574129566550255,-0.981317937374115
410,1648559748.7672033,-169.3172149658203,-159.89102172851562,1644.9813232421875,0.0035524803679436445,0.9182958006858826,0.39587897062301636,-0.989839494228363,0.05950195714831352,-0.12914051115512848,-0.14214476943016052,-0.3913978636264801,0.9091768860816956
300,1648559748.7987237,77.21550750732422,-55.58732604980469,1839.9881591796875,0.8729861974716187,-0.005895472597330809,-0.4877092242240906,-0.06532283872365952,0.989505410194397,-0.128887340426445,0.4833507835865021,0.14437541365623474,0.8634395003318787
4,1648559748.7987494,-146.1740264892578,-68.58269500732422,1679.8223876953125,0.019192686304450035,-0.9993077516555786,0.031869009137153625,-0.9817600846290588,-0.012806179001927376,0.18969210982322693,-0.18915267288684845,-0.034928422421216965,-0.9813262820243835
410,1648559748.798768,-169.3738250732422,-159.695556640625,1645.0260009765625,0.003380915615707636,0.9179878830909729,0.3965940475463867,-0.9894148111343384,0.06060759723186493,-0.13185249269008636,-0.14507560431957245,-0.39195021986961365,0.9084756970405579
300,1648559748.8403273,77.21159362792969,-55.574424743652344,1839.981689453125,0.8730694651603699,-0.005958304274827242,-0.48755940794944763,-0.06537363678216934,0.9894670248031616,-0.12915609776973724,0.4831934869289398,0.14463578164577484,0.8634839653968811
4,1648559748.8403518,-146.1454315185547,-68.56865692138672,1679.76220703125,0.0199178084731102,-0.9993040561676025,0.03153767064213753,-0.9819784760475159,-0.01362345926463604,0.18850098550319672,-0.18794015049934387,-0.03472384065389633,-0.9815664887428284
410,1648559748.8403702,-169.152587890625,-159.65530395507812,1645.0029296875,0.0029193321242928505,0.9180400967597961,0.3964768350124359,-0.9895754456520081,0.059739693999290466,-0.1310405284166336,-0.14398585259914398,-0.3919611871242523,0.9086443185806274
300,1648559748.8885596,77.23126220703125,-55.57451248168945,1839.972900390625,0.8726804256439209,-0.006156133022159338,-0.48825299739837646,-0.06546373665332794,0.9894185066223145,-0.12948188185691833,0.48388364911079407,0.14495916664600372,0.8630431294441223
4,1648559748.8885865,-145.63552856445312,-68.54054260253906,1679.7330322265625,0.025686325505375862,-0.9989868998527527,0.0369514636695385,-0.9817119240760803,-0.018232839182019234,0.18949735164642334,-0.18863163888454437,-0.041143182665109634,-0.9811856746673584
410,1648559748.8886056,-168.87994384765625,-159.638671875,1644.9271240234375,0.004837668035179377,0.9185774326324463,0.39521148800849915,-0.9896860122680664,0.060982510447502136,-0.12962524592876434,-0.14317181706428528,-0.3905082046985626,0.9093982577323914
300,1648559748.9219146,77.23773956298828,-55.56837463378906,1840.00927734375,0.8729183077812195,-0.006109773647040129,-0.48782816529273987,-0.06514225900173187,0.9895080924034119,-0.12895840406417847,0.48349782824516296,0.1443483680486679,0.8633617162704468
4,1648559748.9219425,-145.79637145996094,-68.55306243896484,1679.7554931640625,0.023749612271785736,-0.9991138577461243,0.03474828228354454,-0.9817988872528076,-0.01675841584801674,0.18918275833129883,-0.18843278288841248,-0.038608841598033905,-0.9813268780708313
410,1648559748.9219613,-168.79254150390625,-159.60719299316406,1644.9537353515625,0.0033533088862895966,0.9184494018554688,0.3955242335796356,-0.9898471236228943,0.0592518150806427,-0.12919697165489197,-0.1420964151620865,-0.3910752832889557,0.9093232154846191
300,1648559748.9598944,77.25273895263672,-55.56632995605469,1839.98291015625,0.8728739023208618,-0.006243622396141291,-0.487905889749527,-0.06519138813018799,0.9894614815711975,-0.12929068505764008,0.483571320772171,0.14466172456741333,0.8632680773735046
4,1648559748.9599228,-145.66104125976562,-68.52762603759766,1679.84716796875,0.022456789389252663,-0.9992074370384216,0.03286665678024292,-0.9815927147865295,-0.01580038107931614,0.19033151865005493,-0.18966136872768402,-0.03653590753674507,-0.981169581413269
410,1648559748.9599423,-168.55015563964844,-159.60292053222656,1645.072265625,0.002381863072514534,0.9184972047805786,0.3954203128814697,-0.9898311495780945,0.05840545892715454,-0.12970402836799622,-0.14222750067710876,-0.39109039306640625,0.9092962145805359
300,1648559749.0100012,77.22012329101562,-55.56636428833008,1840.02294921875,0.8734416365623474,-0.005781583487987518,-0.4868945777416229,-0.06519143283367157,0.989538848400116,-0.12869729101657867,0.4825451374053955,0.14415091276168823,0.8639274835586548
4,1648559749.010028,-145.20570373535156,-68.43926239013672,1679.70263671875,0.028513005003333092,-0.9988588690757751,0.03831397742033005,-0.9813898205757141,-0.020691532641649246,0.19090817868709564,-0.1898975521326065,-0.0430443100631237,-0.9808598756790161
410,1648559749.0100474,-168.20716857910156,-159.45716857910156,1644.88232421875,0.0027577350847423077,0.9197176098823547,0.3925708830356598,-0.9896594285964966,0.05880937725305557,-0.13082681596279144,-0.1434105783700943,-0.388150691986084,0.9103693962097168
300,1648559749.081047,77.25203704833984,-55.55594253540039,1839.9749755859375,0.8733620643615723,-0.006100354716181755,-0.48703333735466003,-0.06513823568820953,0.9894766211509705,-0.1292014718055725,0.4826962649822235,0.1445641666650772,0.8637740015983582
4,1648559749.0810742,-145.19520568847656,-68.44776153564453,1679.59814453125,0.02928788959980011,-0.9988921880722046,0.03683236241340637,-0.9815173745155334,-0.02176770754158497,0.19013117253780365,-0.18911878764629364,-0.04172014445066452,-0.9810675382614136
410,1648559749.0810921,-168.33944702148438,-159.2532958984375,1644.6962890625,0.004107138607650995,0.9194771647453308,0.39312198758125305,-0.9893826842308044,0.06084847077727318,-0.13198256492614746,-0.14527583122253418,-0.38840600848197937,0.9099646806716919
300,1648559749.1225505,77.25511932373047,-55.55771255493164,1839.98583984375,0.873190701007843,-0.006396725308150053,-0.4873366951942444,-0.06529596447944641,0.9893641471862793,-0.12998102605342865,0.48298487067222595,0.14531934261322021,0.8634858727455139
4,1648559749.1225786,-145.20082092285156,-68.35719299316406,1679.5235595703125,0.026624197140336037,-0.9989661574363708,0.03684722259640694,-0.9814758896827698,-0.019126642495393753,0.19062867760658264,-0.1897268444299698,-0.04123999550938606,-0.9809704422950745
410,1648559749.1225975,-168.308837890625,-159.17056274414062,1644.505615234375,0.0037520881742239,0.919417679309845,0.3932645618915558,-0.9894722104072571,0.06030960753560066,-0.13155809044837952,-0.14467446506023407,-0.388630747795105,0.9099645018577576
300,1648559749.157607,77.24471282958984,-55.554443359375,1839.9879150390625,0.8738986253738403,-0.006631994619965553,-0.4860629439353943,-0.0653199553489685,0.9892364740371704,-0.13093701004981995,0.4816995859146118,0.14617528021335602,0.8640592098236084
4,1648559749.1576324,-145.27078247070312,-68.38046264648438,1679.514892578125,0.02894018217921257,-0.9989443421363831,0.03567463532090187,-0.981297492980957,-0.021597810089588165,0.19128204882144928,-0.19030962884426117,-0.04054316505789757,-0.9808865785598755
410,1648559749.1576715,-168.2474822998047,-159.1766815185547,1644.55322265625,0.003331084968522191,0.9198884963989258,0.3921659290790558,-0.9893553853034973,0.060085147619247437,-0.13253575563430786,-0.14548146724700928,-0.3875499665737152,0.9102967381477356
300,1648559749.1941562,77.25834655761719,-55.54640579223633,1839.9832763671875,0.8735910058021545,-0.00656975107267499,-0.4866165220737457,-0.06496415287256241,0.9893856644630432,-0.12998349964618683,0.4823053479194641,0.14516504108905792,0.8638916015625
4,1648559749.1941845,-145.31143188476562,-68.28559875488281,1679.4737548828125,0.03310423344373703,-0.9987847208976746,0.036512453109025955,-0.9808090925216675,-0.025441868230700493,0.1933034509420395,-0.19213958084583282,-0.042210906744003296,-0.9804593920707703
410,1648559749.1942036,-168.3036346435547,-159.06858825683594,1644.47900390625,0.001956650521606207,0.9190874695777893,0.3940487205982208,-0.9894485473632812,0.05886593461036682,-0.13238702714443207,-0.1448713093996048,-0.38963189721107483,0.9095049500465393
300,1648559749.2443302,77.2668228149414,-55.542137145996094,1839.9510498046875,0.8734603524208069,-0.006197739392518997,-0.4868558645248413,-0.06509137153625488,0.9894570112228394,-0.12937530875205994,0.4825247824192047,0.14469432830810547,0.8638480305671692
4,1648559749.2443576,-145.2110595703125,-68.24177551269531,1679.453125,0.030812690034508705,-0.9989194869995117,0.034791938960552216,-0.9807993769645691,-0.023510858416557312,0.1935969889163971,-0.1925698071718216,-0.04008915647864342,-0.9804640412330627
410,1648559749.2443812,-168.21286010742188,-159.08889770507812,1644.5244140625,0.0007295147515833378,0.9193029999732971,0.3935498893260956,-0.9894475936889648,0.057684797793626785,-0.1329132467508316,-0.14488938450813293,-0.38930001854896545,0.9096441864967346
300,1648559749.294765,77.28276824951172,-55.53577423095703,1839.8875732421875,0.8733213543891907,-0.006652474869042635,-0.4870991110801697,-0.06508906185626984,0.9893476366996765,-0.13021022081375122,0.48277658224105835,0.14542017877101898,0.8635854125022888
4,1648559749.2947924,-145.107177734375,-68.12969207763672,1679.2520751953125,0.03372391313314438,-0.9987542033195496,0.0367797426879406,-0.9806342124938965,-0.025963498279452324,0.19411957263946533,-0.19292281568050385,-0.04261394590139389,-0.9802881479263306
410,1648559749.2948103,-168.08547973632812,-158.84408569335938,1644.370361328125,0.0022851007524877787,0.9198930859565735,0.3921625316143036,-0.9890326261520386,0.05999371409416199,-0.13496385514736176,-0.14767959713935852,-0.3875531256198883,0.9099413752555847
300,1648559749.3451138,77.30218505859375,-55.53189468383789,1839.8511962890625,0.8727948069572449,-0.006875996943563223,-0.48803892731666565,-0.06527172774076462,0.9892752170562744,-0.13066799938678741,0.48370328545570374,0.14590150117874146,0.8629854321479797
4,1648559749.3451395,-145.2658233642578,-68.23023986816406,1679.169189453125,0.025959258899092674,-0.9991235733032227,0.032836176455020905,-0.9815244674682617,-0.01924561709165573,0.1903662085533142,-0.1895674169063568,-0.03717127814888954,-0.9811638593673706
410,1648559749.345159,-168.05531311035156,-158.7790985107422,1644.23046875,0.0014080933760851622,0.9192765951156616,0.3936096727848053,-0.9893544912338257,0.058558281511068344,-0.1332237422466278,-0.14551857113838196,-0.38923192024230957,0.9095728993415833
300,1648559749.395612,77.30072021484375,-55.52853775024414,1839.8388671875,0.8732179403305054,-0.006910243537276983,-0.48728087544441223,-0.06533504277467728,0.9892125725746155,-0.1311100721359253,0.48293036222457886,0.14632418751716614,0.8633466958999634
4,1648559749.3956382,-145.0631103515625,-68.10172271728516,1679.06103515625,0.03013072907924652,-0.9988607168197632,0.03700605034828186,-0.980818510055542,-0.022412821650505066,0.19363021850585938,-0.1925802081823349,-0.04213044047355652,-0.9803764224052429
410,1648559749.3956795,-168.06231689453125,-158.54196166992188,1643.8204345703125,0.003105337033048272,0.9193034172058105,0.3935372531414032,-0.9888826012611389,0.06132921203970909,-0.13546200096607208,-0.14866600930690765,-0.38874149322509766,0.909273624420166
300,1648559749.4460402,77.32144927978516,-55.52608871459961,1839.8448486328125,0.8727267384529114,-0.006788452155888081,-0.48816177248954773,-0.06487848609685898,0.9894222021102905,-0.12974762916564941,0.4838789105415344,0.1449054330587387,0.8630548119544983
4,1648559749.4460661,-145.038330078125,-68.07555389404297,1679.0208740234375,0.02896132692694664,-0.9989830851554871,0.03455511853098869,-0.9809792637825012,-0.02176732011139393,0.1928882747888565,-0.19193994998931885,-0.03948415815830231,-0.9806120991706848
410,1648559749.4460855,-168.09706115722656,-158.34591674804688,1643.75537109375,0.001883916207589209,0.9190887808799744,0.3940460681915283,-0.9887478947639465,0.060653433203697205,-0.13674333691596985,-0.1495795100927353,-0.3893545866012573,0.9088613390922546
300,1648559749.496479,77.32569122314453,-55.51829528808594,1839.832763671875,0.8730481266975403,-0.006656026933342218,-0.4875885844230652,-0.06512878835201263,0.9893566966056824,-0.13012149930000305,0.48326510190963745,0.1453583836555481,0.8633224964141846
4,1648559749.4965062,-145.07997131347656,-68.0807876586914,1678.9622802734375,0.02901257388293743,-0.9989709854125977,0.03485976532101631,-0.9811660647392273,-0.021797863766551018,0.19193242490291595,-0.19097505509853363,-0.0397716723382473,-0.9807888269424438
410,1648559749.4965246,-168.0656280517578,-158.28138732910156,1643.8680419921875,-0.0004391911788843572,0.9191370606422424,0.3939376175403595,-0.9887442588806152,0.05853980779647827,-0.13768766820430756,-0.14961488544940948,-0.38956403732299805,0.9087657928466797
300,1648559749.546938,77.3093032836914,-55.52592468261719,1839.925537109375,0.8731749653816223,-0.00679153623059392,-0.48735952377319336,-0.06498374044895172,0.9893539547920227,-0.13021476566791534,0.4830554127693176,0.1453707218170166,0.8634377717971802
4,1648559749.5469646,-145.04066467285156,-68.11180114746094,1679.05517578125,0.03164065256714821,-0.9987583160400391,0.0384800098836422,-0.9812681078910828,-0.02372075989842415,0.1911812424659729,-0.19003106653690338,-0.04380830377340317,-0.980800211429596
410,1648559749.5469842,-168.08375549316406,-158.37606811523438,1643.832763671875,0.002856650622561574,0.9195705652236938,0.3929145336151123,-0.9890178442001343,0.06065893545746803,-0.1347745954990387,-0.1477685272693634,-0.38821446895599365,0.9096449613571167
300,1648559749.5972207,77.32048034667969,-55.520267486572266,1839.8963623046875,0.8726009726524353,-0.007081968244165182,-0.48838239908218384,-0.06519466638565063,0.9892589449882507,-0.13082951307296753,0.48406320810317993,0.1460018903017044,0.8627666234970093
4,1648559749.5972483,-144.92437744140625,-68.0782241821289,1679.13720703125,0.03191526606678963,-0.9987665414810181,0.03803739324212074,-0.9810404777526855,-0.024024901911616325,0.19230815768241882,-0.19115710258483887,-0.04345378652215004,-0.9805971384048462
410,1648559749.5972672,-167.777099609375,-158.47598266601562,1644.016357421875,0.0003530584217514843,0.9199748039245605,0.39197731018066406,-0.9894406795501709,0.05713379383087158,-0.13320240378379822,-0.14493800699710846,-0.3877912759780884,0.910280704498291
300,1648559749.6477087,77.32611846923828,-55.509483337402344,1839.883056640625,0.8729097843170166,-0.0070736766792833805,-0.48783037066459656,-0.06517881900072098,0.9892409443855286,-0.13097339868545532,0.48350825905799866,0.14612416923046112,0.8630570769309998
4,1648559749.6477385,-144.96014404296875,-67.99556732177734,1679.101318359375,0.035581074655056,-0.9986284375190735,0.03840919956564903,-0.980658769607544,-0.027487454935908318,0.1937853842973709,-0.19246381521224976,-0.04456141218543053,-0.9802917838096619
410,1648559749.647758,-167.78929138183594,-158.4266357421875,1644.248046875,0.0007810684619471431,0.9199566841125488,0.39201924204826355,-0.9893049597740173,0.057890720665454865,-0.13388179242610931,-0.1458597332239151,-0.3877220153808594,0.9101629257202148
300,1648559749.6980915,77.32928466796875,-55.50813293457031,1839.8934326171875,0.8730953931808472,-0.006994335446506739,-0.48749929666519165,-0.0646928921341896,0.9893935918807983,-0.13005806505680084,0.4832383394241333,0.14509083330631256,0.8633825182914734
4,1648559749.6981184,-145.2337646484375,-67.89279174804688,1679.1142578125,0.037148721516132355,-0.9986220598220825,0.03706767410039902,-0.9809548258781433,-0.029364563524723053,0.19200339913368225,-0.1906503438949585,-0.04349439591169357,-0.9806939959526062
410,1648559749.6981375,-167.9919891357422,-158.21693420410156,1644.138671875,0.0008869176381267607,0.9200893640518188,0.39170756936073303,-0.9895855188369751,0.05719128996133804,-0.1320970505475998,-0.14394335448741913,-0.3875109851360321,0.9105578064918518
300,1648559749.7486272,77.31390380859375,-55.518218994140625,1839.9117431640625,0.8732157349586487,-0.006689446046948433,-0.4872879683971405,-0.06494414806365967,0.9893898367881775,-0.12996159493923187,0.4829871356487274,0.14513100683689117,0.8635163307189941
4,1648559749.7486758,-145.2946319580078,-67.78355407714844,1678.9544677734375,0.034269802272319794,-0.9986889362335205,0.038025498390197754,-0.9816595911979675,-0.026497121900320053,0.1887916773557663,-0.1875365972518921,-0.043797947466373444,-0.9812806844711304
410,1648559749.7486978,-168.28370666503906,-158.1947479248047,1644.1708984375,-0.00021827712771482766,0.9195572137832642,0.39295607805252075,-0.9897513389587402,0.05591608211398125,-0.13139909505844116,-0.14280155301094055,-0.38895750045776367,0.9101207256317139
300,1648559749.7989757,77.32850646972656,-55.505401611328125,1839.86474609375,0.8730944991111755,-0.00710046524181962,-0.4874993562698364,-0.06489502638578415,0.9893044829368591,-0.13063403964042664,0.4832128584384918,0.1456921398639679,0.8632954955101013
4,1648559749.7990026,-145.40737915039062,-67.65540313720703,1678.918212890625,0.03049546480178833,-0.998904287815094,0.03550046682357788,-0.9814751744270325,-0.02320452407002449,0.1901790052652359,-0.18914684653282166,-0.04064242169260979,-0.9811073541641235
410,1648559749.7990215,-168.4887237548828,-158.10757446289062,1644.11181640625,-0.0006557051092386246,0.9196500182151794,0.39273831248283386,-0.9897509813308716,0.055487144738435745,-0.13158313930034637,-0.1428023725748062,-0.38879939913749695,0.9101881980895996
300,1648559749.8493235,77.355224609375,-55.53104019165039,1840.061279296875,0.8729490041732788,-0.007220396772027016,-0.48775801062583923,-0.06511262059211731,0.9892183542251587,-0.13117682933807373,0.483446329832077,0.14626988768577576,0.863067090511322
4,1648559749.8493505,-145.65823364257812,-67.49668884277344,1678.7655029296875,0.028330916538834572,-0.9990010261535645,0.034558892250061035,-0.9814006686210632,-0.021231597289443016,0.19079293310642242,-0.18986859917640686,-0.03932145982980728,-0.9810217618942261
410,1648559749.84937,-168.69944763183594,-158.06021118164062,1644.0540771484375,-0.0018867619801312685,0.9187822341918945,0.3947601914405823,-0.9898090958595276,0.05449346452951431,-0.1315613090991974,-0.14238804578781128,-0.3909854590892792,0.9093162417411804
300,1648559749.8997667,77.33858489990234,-55.51154708862305,1839.875732421875,0.8726020455360413,-0.007033248897641897,-0.4883812367916107,-0.0650080144405365,0.9893280863761902,-0.13039876520633698,0.48408642411231995,0.1455349326133728,0.8628324866294861
4,1648559749.899795,-145.4886932373047,-67.29373931884766,1678.698974609375,0.029784763231873512,-0.9987871646881104,0.03920495882630348,-0.9809375405311584,-0.021672364324331284,0.1931110918521881,-0.19202721118927002,-0.04420938342809677,-0.9803933501243591
410,1648559749.8998134,-168.5692138671875,-158.12405395507812,1643.760498046875,0.0017345305532217026,0.919770359992981,0.3924531042575836,-0.989843487739563,0.05736687406897545,-0.1300727128982544,-0.14215083420276642,-0.3882415294647217,0.9105282425880432
300,1648559749.9501379,77.33155822753906,-55.505767822265625,1839.878662109375,0.8729026317596436,-0.007130179088562727,-0.48784229159355164,-0.06528186053037643,0.9891951680183411,-0.1312675178050995,0.4835072159767151,0.14643101394176483,0.8630056381225586
4,1648559749.9501643,-145.2711181640625,-67.27046203613281,1678.7880859375,0.03169490024447441,-0.9987061619758606,0.03976752609014511,-0.9811082482337952,-0.023490041494369507,0.19202806055545807,-0.19084545969963074,-0.045102559030056,-0.9805833697319031
410,1648559749.9501834,-168.14512634277344,-158.0744171142578,1643.930419921875,-0.0008243249030783772,0.9207748770713806,0.39009350538253784,-0.9899880290031433,0.054309871047735214,-0.13028475642204285,-0.1411488652229309,-0.38629528880119324,0.9115113615989685
300,1648559749.9851124,77.33319091796875,-55.51716613769531,1839.81591796875,0.872981607913971,-0.007155730854719877,-0.4877006709575653,-0.0650939792394638,0.9892387390136719,-0.13103236258029938,0.48339003324508667,0.14613521099090576,0.8631213903427124
4,1648559749.9851387,-145.3065948486328,-67.19886016845703,1678.7493896484375,0.03592230752110481,-0.9986003637313843,0.03881838172674179,-0.9811918139457703,-0.02787087671458721,0.19101274013519287,-0.18966349959373474,-0.04494989290833473,-0.9808197021484375
410,1648559749.985157,-168.19064331054688,-158.0069580078125,1643.9736328125,-0.0014958330430090427,0.9200997948646545,0.39168116450309753,-0.9899575114250183,0.05400469899177551,-0.1306433081626892,-0.14135751128196716,-0.3879431188106537,0.9107788801193237
300,1648559750.0214512,77.34648895263672,-55.50233459472656,1839.9068603515625,0.872479259967804,-0.007541252765804529,-0.48859289288520813,-0.06517387181520462,0.9891517162322998,-0.13164803385734558,0.4842853248119354,0.14670367538928986,0.8625229001045227
4,1648559750.0214782,-145.34400939941406,-67.07023620605469,1678.6495361328125,0.032271187752485275,-0.9986874461174011,0.03977331146597862,-0.9810662865638733,-0.024048365652561188,0.19217340648174286,-0.1909646987915039,-0.04522191733121872,-0.9805546998977661
410,1648559750.0214972,-168.09451293945312,-157.97120666503906,1643.878173828125,-0.00015218295447994024,0.9207673668861389,0.39011210203170776,-0.9901284575462341,0.05454041063785553,-0.1291159987449646,-0.14016267657279968,-0.38628074526786804,0.9116696715354919
300,1648559750.0716047,77.36376190185547,-55.48479080200195,1839.7666015625,0.8728784918785095,-0.00735455984249711,-0.48788222670555115,-0.06468585878610611,0.9893168807029724,-0.13064399361610413,0.4836309552192688,0.14559541642665863,0.863077700138092
4,1648559750.0716314,-145.0160675048828,-67.0132827758789,1678.5584716796875,0.03517565131187439,-0.9984862804412842,0.04228272661566734,-0.9808956384658813,-0.02639419585466385,0.19273589551448822,-0.19132813811302185,-0.048254549503326416,-0.9803392291069031
410,1648559750.07167,-167.8050994873047,-157.96847534179688,1643.7628173828125,0.0030106871854513884,0.9214776754379272,0.3884196877479553,-0.9900278449058533,0.05745209753513336,-0.12862417101860046,-0.1408398151397705,-0.38415905833244324,0.9124614596366882
300,1648559750.1033027,77.34349822998047,-55.493064880371094,1839.8909912109375,0.8731333017349243,-0.007506145164370537,-0.48742371797561646,-0.0651354044675827,0.989119291305542,-0.13191062211990356,0.48311036825180054,0.14692409336566925,0.8631440997123718
4,1648559750.1033309,-144.9918975830078,-66.95728302001953,1678.4686279296875,0.03780896216630936,-0.9984921813011169,0.03979719430208206,-0.9810529351234436,-0.0295167975127697,0.19147831201553345,-0.19001491367816925,-0.046282749623060226,-0.9806896448135376
410,1648559750.1033506,-167.55593872070312,-157.84078979492188,1643.675537109375,-0.0008215706329792738,0.9213867783546448,0.38864606618881226,-0.9900546669960022,0.053925588726997375,-0.1299375742673874,-0.140680730342865,-0.38488760590553284,0.9121789932250977
300,1648559750.1492233,77.3787841796875,-55.47793960571289,1839.8865966796875,0.8725200891494751,-0.007949174381792545,-0.4885135591030121,-0.0648016557097435,0.9891511797904968,-0.13183601200580597,0.48426172137260437,0.14668606221675873,0.8625391721725464
4,1648559750.1492488,-144.8242950439453,-66.8095703125,1678.35546875,0.03784910589456558,-0.9983835816383362,0.042399339377880096,-0.980380117893219,-0.028885824605822563,0.19498836994171143,-0.19344843924045563,-0.04894760251045227,-0.9798886775970459
410,1648559750.1492667,-167.4995880126953,-157.7821044921875,1643.3719482421875,0.0018392413621768355,0.921513020992279,0.38834306597709656,-0.9898807406425476,0.05677982419729233,-0.13004665076732635,-0.14188973605632782,-0.3841741383075714,0.91229248046875
300,1648559750.1975076,77.3812255859375,-55.497596740722656,1839.86083984375,0.873016893863678,-0.007243446074426174,-0.4876362085342407,-0.0649561733007431,0.9892539381980896,-0.13098585605621338,0.4833448529243469,0.1460278481245041,0.8631649017333984
4,1648559750.1975362,-145.06539916992188,-66.68895721435547,1678.1561279296875,0.03336279094219208,-0.9988366365432739,0.034818872809410095,-0.9800966382026672,-0.025875559076666832,0.19682729244232178,-0.1956973522901535,-0.04069257155060768,-0.9798197150230408
410,1648559750.1975555,-167.5149688720703,-157.52735900878906,1643.0997314453125,-0.0016160672530531883,0.9206681251525879,0.39034295082092285,-0.9896566271781921,0.054521266371011734,-0.1326918751001358,-0.1434471756219864,-0.3865199387073517,0.9110572338104248
300,1648559750.2498071,77.37432098388672,-55.49513626098633,1839.9029541015625,0.8727937340736389,-0.007648339960724115,-0.4880293011665344,-0.0650327205657959,0.9891399145126343,-0.13180649280548096,0.48373737931251526,0.14677776396274567,0.8628177642822266
4,1648559750.2498324,-144.99798583984375,-66.47254943847656,1677.728271484375,0.03548431769013405,-0.9987489581108093,0.035233721137046814,-0.9794610738754272,-0.02775355987250805,0.19971409440040588,-0.19848637282848358,-0.041596777737140656,-0.9792205691337585
410,1648559750.2498512,-167.64688110351562,-157.5128631591797,1642.580078125,0.00026014333707280457,0.920957624912262,0.38966262340545654,-0.9898285865783691,0.05567242577672005,-0.13091953098773956,-0.14226481318473816,-0.3856651484966278,0.9116047024726868
300,1648559750.298364,77.37373352050781,-55.49020004272461,1839.765625,0.8727457523345947,-0.007463433779776096,-0.4881180226802826,-0.06481630355119705,0.9892591238021851,-0.1310163140296936,0.4838530123233795,0.14598193764686584,0.8628879189491272
4,1648559750.2983906,-145.02978515625,-66.44461822509766,1677.6314697265625,0.03884411230683327,-0.9984545111656189,0.039745453745126724,-0.9794610738754272,-0.03016912378370762,0.199363574385643,-0.1978563815355301,-0.04667322337627411,-0.9791192412376404
410,1648559750.2984092,-167.7375030517578,-157.39785766601562,1642.51513671875,4.254588202456944e-05,0.9202810525894165,0.3912579119205475,-0.9898014664649963,0.05577494204044342,-0.13108108937740326,-0.14245383441448212,-0.3872620761394501,0.9108979105949402
300,1648559750.3507495,77.38668823242188,-55.492923736572266,1839.8228759765625,0.8728643655776978,-0.00692849513143301,-0.48791366815567017,-0.06462225317955017,0.9894507527351379,-0.12965790927410126,0.4836649000644684,0.14470385015010834,0.8632085919380188
4,1648559750.350775,-145.31077575683594,-66.33374786376953,1677.7410888671875,0.043095920234918594,-0.9983366131782532,0.038298241794109344,-0.9793699383735657,-0.034639883786439896,0.19908446073532104,-0.1974266618490219,-0.04608787223696709,-0.9792336821556091
410,1648559750.3507934,-167.7262725830078,-157.32540893554688,1642.794677734375,0.0008582821465097368,0.9216102957725525,0.38811564445495605,-0.9902065396308899,0.05496713146567345,-0.1283339112997055,-0.13960745930671692,-0.3842045068740845,0.9126317501068115
300,1648559750.3993278,77.38180541992188,-55.46982192993164,1839.87744140625,0.8724572062492371,-0.007345438003540039,-0.4886353015899658,-0.06481034308671951,0.9893157482147217,-0.13059066236019135,0.48437386751174927,0.14560338854789734,0.8626596331596375
4,1648559750.3993547,-146.01385498046875,-66.2462158203125,1677.561767578125,0.0414992980659008,-0.9985292553901672,0.034887708723545074,-0.9804639220237732,-0.03397933766245842,0.19374170899391174,-0.19227129220962524,-0.04224628210067749,-0.9804320335388184
410,1648559750.3993735,-167.94064331054688,-155.8098907470703,1642.9058837890625,0.006758461240679026,0.9229422807693481,0.3848790228366852,-0.9906372427940369,0.05866139382123947,-0.12327484041452408,-0.13635310530662537,-0.380442351102829,0.9146974682807922
300,1648559750.4515822,77.39266967773438,-55.47303771972656,1839.8494873046875,0.8725998401641846,-0.008056017570197582,-0.488369345664978,-0.06501292437314987,0.9890515208244324,-0.1324777752161026,0.4840897023677826,0.14735040068626404,0.8625224828720093
4,1648559750.4516075,-145.63650512695312,-66.23616027832031,1677.3609619140625,0.04653852805495262,-0.9981285929679871,0.03966774046421051,-0.9805825352668762,-0.038075041025877,0.192375048995018,-0.19050467014312744,-0.0478503480553627,-0.9805194139480591
410,1648559750.4516258,-167.63746643066406,-155.58738708496094,1643.1202392578125,0.0052956161089241505,0.923108696937561,0.3845025897026062,-0.99114990234375,0.055847834795713425,-0.12042798846960068,-0.1326417624950409,-0.3804619610309601,0.9152348637580872
300,1648559750.5002007,77.39623260498047,-55.4991569519043,1839.8489990234375,0.872387170791626,-0.007443631067872047,-0.4887588322162628,-0.06463052332401276,0.9893491864204407,-0.13042667508125305,0.4845239818096161,0.14537130296230316,0.8626144528388977
4,1648559750.500228,-145.46156311035156,-66.70186614990234,1677.603271484375,0.0420047827064991,-0.9981536269187927,0.04387449100613594,-0.9821802973747253,-0.0332014374434948,0.18498528003692627,-0.18318703770637512,-0.05086292698979378,-0.9817613959312439
410,1648559750.5002465,-168.42547607421875,-153.5953826904297,1643.4656982421875,0.006757020950317383,0.9190649390220642,0.39404815435409546,-0.989372730255127,0.06338039040565491,-0.13086086511611938,-0.1452445536851883,-0.38897624611854553,0.9097260236740112
300,1648559750.5340183,77.396484375,-55.51068115234375,1839.8873291015625,0.872424840927124,-0.007275927346199751,-0.48869413137435913,-0.06484014540910721,0.9893279671669006,-0.13048332929611206,0.48442816734313965,0.14552389085292816,0.8626425266265869
4,1648559750.5340433,-145.85597229003906,-66.76224517822266,1677.892333984375,0.039458539336919785,-0.9979497790336609,0.05039102956652641,-0.9819937348365784,-0.02940480224788189,0.18661101162433624,-0.18474668264389038,-0.05684707313776016,-0.981140673160553
410,1648559750.5340621,-169.59463500976562,-152.00523376464844,1643.063720703125,0.006701330188661814,0.9145027995109558,0.4045240879058838,-0.9884377717971802,0.06733737885951996,-0.13585440814495087,-0.1514788269996643,-0.3989364802837372,0.9043803811073303
300,1648559750.571912,77.36406707763672,-55.52217483520508,1839.964599609375,0.8723873496055603,-0.007805026601999998,-0.4887528419494629,-0.06470447778701782,0.9892301559448242,-0.13128995895385742,0.4845137596130371,0.14616020023822784,0.8624868988990784
4,1648559750.5719395,-147.16986083984375,-66.36474609375,1677.4713134765625,0.02771461382508278,-0.9988099932670593,0.0401306189596653,-0.9817382097244263,-0.01963832788169384,0.18922054767608643,-0.18820728361606598,-0.04464193806052208,-0.9811142086982727
410,1648559750.5719585,-171.06297302246094,-147.6652374267578,1643.7066650390625,0.010473371483385563,0.9119809865951538,0.4100988209247589,-0.9869474172592163,0.07533881813287735,-0.1423337459564209,-0.16070203483104706,-0.40325525403022766,0.9008662700653076
300,1648559750.6222286,77.39038848876953,-55.46354675292969,1839.890380859375,0.8726036548614502,-0.007928511127829552,-0.48836466670036316,-0.06454508751630783,0.9892275333404541,-0.13138824701309204,0.48414546251296997,0.14617140591144562,0.8626917600631714
4,1648559750.6222553,-147.3009490966797,-65.85293579101562,1676.955322265625,0.03193754702806473,-0.9986565709114075,0.040805380791425705,-0.9813334345817566,-0.023584851995110512,0.1908624768257141,-0.18964368104934692,-0.04613936319947243,-0.9807682633399963
410,1648559750.6222754,-170.88113403320312,-140.42611694335938,1643.7928466796875,0.011845516972243786,0.9168699383735657,0.3990103006362915,-0.9874125719070435,0.0736670270562172,-0.13996298611164093,-0.15772175788879395,-0.3923298418521881,0.9062014818191528
300,1648559750.657078,77.32816314697266,-55.570003509521484,1839.93798828125,0.8729174733161926,-0.00660495413467288,-0.4878232181072235,-0.0652223452925682,0.9893526434898376,-0.13010522723197937,0.483488529920578,0.14538811147212982,0.8631923794746399
4,1648559750.6571033,-147.5757598876953,-66.37047576904297,1677.1651611328125,0.019113382324576378,-0.99937504529953,0.029735367745161057,-0.9817793369293213,-0.01313640084117651,0.18956996500492096,-0.18906088173389435,-0.03281689062714577,-0.9814168810844421
410,1648559750.6571221,-169.82618713378906,-141.62391662597656,1644.39013671875,0.012251228094100952,0.9222343564033508,0.38643714785575867,-0.9899821877479553,0.06555137783288956,-0.1250532865524292,-0.14065992832183838,-0.38103383779525757,0.9137986898422241
300,1648559750.6935852,77.26033782958984,-55.56655502319336,1840.0157470703125,0.873346209526062,-0.00608293479308486,-0.4870620667934418,-0.06477697193622589,0.9895904064178467,-0.128509983420372,0.48277363181114197,0.14378410577774048,0.8638609647750854
4,1648559750.6936119,-147.12265014648438,-66.56555938720703,1678.43359375,0.032350558787584305,-0.9985364079475403,0.04334179684519768,-0.9821845293045044,-0.023729393258690834,0.18641486763954163,-0.1851135641336441,-0.04860026389360428,-0.9815146327018738
410,1648559750.6936305,-170.5615997314453,-141.57382202148438,1644.8577880859375,0.014156877994537354,0.9193870425224304,0.3930993378162384,-0.9876453876495361,0.07421869784593582,-0.13801532983779907,-0.15606482326984406,-0.3862888813018799,0.9090790152549744
300,1648559750.7457168,77.28126525878906,-55.58345413208008,1839.9622802734375,0.8728964924812317,-0.006153201684355736,-0.4878666400909424,-0.06507279723882675,0.9895190596580505,-0.12890926003456116,0.48354652523994446,0.14427129924297333,0.8633472919464111
4,1648559750.745742,-146.83155822753906,-66.59697723388672,1678.450927734375,0.03209235891699791,-0.998464047908783,0.045162785798311234,-0.9822575449943542,-0.023153627291321754,0.1861022710800171,-0.18477073311805725,-0.05033394694328308,-0.9814918637275696
410,1648559750.7457604,-170.320556640625,-141.25973510742188,1644.741455078125,0.007612602785229683,0.91862553358078,0.3950559198856354,-0.9877899885177612,0.06838452816009521,-0.1399804800748825,-0.15560536086559296,-0.3891666531562805,0.9079296588897705
300,1648559750.778796,77.30438232421875,-55.56840515136719,1839.965576171875,0.8729600310325623,-0.007046897429972887,-0.4877408742904663,-0.06494951248168945,0.9893132448196411,-0.13054044544696808,0.48344844579696655,0.14563512802124023,0.863173246383667
4,1648559750.778823,-147.05445861816406,-66.53681182861328,1677.904052734375,0.02664424665272236,-0.9987449645996094,0.04240943118929863,-0.9824526906013489,-0.01832813024520874,0.18560926616191864,-0.18459904193878174,-0.04661067947745323,-0.9817080497741699
410,1648559750.7788424,-169.92666625976562,-141.3917236328125,1644.3717041015625,0.013612862676382065,0.9214992523193359,0.38814154267311096,-0.987912654876709,0.0723399892449379,-0.13709670305252075,-0.1544126570224762,-0.38158366084098816,0.9113455414772034
300,1648559750.8148642,77.29255676269531,-55.55877685546875,1839.997314453125,0.8732591271400452,-0.006731587927788496,-0.4872095584869385,-0.06488597393035889,0.9893925786018372,-0.12996964156627655,0.4829164147377014,0.14511024951934814,0.863559365272522
4,1648559750.8148916,-147.19676208496094,-66.38133239746094,1677.5889892578125,0.01863110065460205,-0.9991524815559387,0.03670444339513779,-0.9819766283035278,-0.01138030644506216,0.18865954875946045,-0.18808194994926453,-0.039557840675115585,-0.9813563823699951
410,1648559750.8149126,-170.22518920898438,-141.21424865722656,1644.16552734375,0.01368636079132557,0.9197388887405396,0.39229199290275574,-0.9872959852218628,0.07454231381416321,-0.14032143354415894,-0.158301442861557,-0.3853878378868103,0.9090747237205505
300,1648559750.8651464,77.2750473022461,-55.57197952270508,1840.0111083984375,0.8730162382125854,-0.006336919963359833,-0.48764994740486145,-0.0649578720331192,0.9894952774047852,-0.12914925813674927,0.48334574699401855,0.1444261074066162,0.863433837890625
4,1648559750.8651736,-147.0264892578125,-66.2242431640625,1677.53271484375,0.027309894561767578,-0.9987436532974243,0.042015962302684784,-0.9816144108772278,-0.01885089837014675,0.1899414360523224,-0.18891076743602753,-0.04643075540661812,-0.98089599609375
410,1648559750.8651922,-171.22067260742188,-140.7927703857422,1643.98388671875,0.006568009965121746,0.9144359230995178,0.40467745065689087,-0.9874622225761414,0.06975891441106796,-0.14160509407520294,-0.15771864354610443,-0.3986736536026001,0.9034290909767151
300,1648559750.9155807,77.32904052734375,-55.56098175048828,1839.9697265625,0.8728469610214233,-0.006917490623891354,-0.4879450500011444,-0.06505854427814484,0.989324152469635,-0.13040360808372498,0.48363789916038513,0.145567387342453,0.8630785346031189
4,1648559750.9156086,-147.13851928710938,-65.97410583496094,1677.292236328125,0.02865505963563919,-0.9988622665405273,0.0381188727915287,-0.9808976650238037,-0.020758582279086113,0.19341379404067993,-0.1924024522304535,-0.04293299838900566,-0.9803764820098877
410,1648559750.9156277,-170.99435424804688,-140.79998779296875,1643.63623046875,0.013059349730610847,0.9170379638671875,0.39858609437942505,-0.986816942691803,0.07612798362970352,-0.14281748235225677,-0.16131259500980377,-0.3914664089679718,0.9059427380561829
300,1648559750.96604,77.30339050292969,-55.56713104248047,1839.9639892578125,0.8725796937942505,-0.007229683455079794,-0.48841822147369385,-0.06517276167869568,0.9892277121543884,-0.1310766637325287,0.4841044843196869,0.14620640873908997,0.8627088665962219
4,1648559750.9660664,-146.93492126464844,-65.9001693725586,1677.2982177734375,0.04119199141860008,-0.9981769323348999,0.04411327466368675,-0.9810974597930908,-0.03205316141247749,0.19084125757217407,-0.1890793740749359,-0.05114055052399635,-0.9806292057037354
300,1648559750.9985843,77.31498718261719,-55.566368103027344,1839.9383544921875,0.8729527592658997,-0.00697312643751502,-0.4877549111843109,-0.06496582180261612,0.9893286824226379,-0.13041551411151886,0.48345932364463806,0.1455339789390564,0.8631841540336609
4,1648559750.9986117,-147.1742706298828,-66.02671813964844,1677.1927490234375,0.022045180201530457,-0.9990635514259338,0.037229567766189575,-0.981429398059845,-0.014528388157486916,0.1912728101015091,-0.19055280089378357,-0.040754836052656174,-0.9808306097984314
410,1648559750.9986298,-171.2588653564453,-140.68511962890625,1643.6436767578125,0.011460155248641968,0.915375292301178,0.40243855118751526,-0.986595869064331,0.07586861401796341,-0.14447350800037384,-0.16277994215488434,-0.39538851380348206,0.9039748907089233
300,1648559751.0414224,77.28672790527344,-55.56468963623047,1839.93603515625,0.8732051849365234,-0.006506831385195255,-0.4873093366622925,-0.0648675188422203,0.9894622564315796,-0.12944738566875458,0.4830164909362793,0.14464467763900757,0.8635814785957336
4,1648559751.041448,-146.87033081054688,-65.77922058105469,1677.103515625,0.0411822572350502,-0.9981759190559387,0.044145695865154266,-0.9809089303016663,-0.03198639675974846,0.19181916117668152,-0.19005721807479858,-0.051202453672885895,-0.9804369211196899
300,1648559751.0760856,77.3113021850586,-55.54240036010742,1839.972412109375,0.8729712963104248,-0.007234186865389347,-0.4877179265022278,-0.06503397226333618,0.9892366528511047,-0.13107804954051971,0.48341667652130127,0.14614561200141907,0.8631047010421753
4,1648559751.0761113,-146.9483184814453,-65.75846099853516,1676.87353515625,0.022514604032039642,-0.9990411400794983,0.03754829987883568,-0.9806824922561646,-0.014770127832889557,0.1950477808713913,-0.1943061649799347,-0.04121438413858414,-0.9800747632980347
300,1648559751.1163225,77.34076690673828,-55.54400634765625,1839.9483642578125,0.8725652694702148,-0.007293109316378832,-0.4884431064128876,-0.06488468497991562,0.9892987012863159,-0.13068294525146484,0.48416921496391296,0.14572188258171082,0.8627544641494751
4,1648559751.1163497,-146.83119201660156,-65.7690200805664,1676.810302734375,0.02464037947356701,-0.9990627765655518,0.035586170852184296,-0.9810605645179749,-0.017324483022093773,0.1929248869419098,-0.19212757050991058,-0.039665933698415756,-0.980567991733551
300,1648559751.1667411,77.32353210449219,-55.55074691772461,1839.9490966796875,0.8723762035369873,-0.0075741237960755825,-0.48877641558647156,-0.06506861001253128,0.9891831278800964,-0.13146400451660156,0.48448508977890015,0.14649006724357605,0.8624470233917236
4,1648559751.1667728,-146.9245147705078,-65.80510711669922,1676.9910888671875,0.024824239313602448,-0.9990763664245605,0.035073086619377136,-0.9812641739845276,-0.017646411433815956,0.19185715913772583,-0.19106104969978333,-0.039178673177957535,-0.9807959794998169
410,1648559751.1667922,-171.0755157470703,-140.65174865722656,1643.6954345703125,0.013213971629738808,0.9139775633811951,0.40554943680763245,-0.9868554472923279,0.07725157588720322,-0.14194552600383759,-0.16106435656547546,-0.398343026638031,0.9029845595359802
300,1648559751.1985261,77.32257080078125,-55.561649322509766,1839.9368896484375,0.8723413348197937,-0.007297295145690441,-0.48884281516075134,-0.06500329077243805,0.9892799258232117,-0.13076622784137726,0.4845566153526306,0.14584918320178986,0.8625154495239258
4,1648559751.1985526,-146.70237731933594,-65.83186340332031,1677.2581787109375,0.03327276557683945,-0.99852055311203,0.04300779476761818,-0.9814738035202026,-0.02452024072408676,0.19002100825309753,-0.1886853128671646,-0.048533547669649124,-0.9808375835418701
410,1648559751.1985714,-171.12615966796875,-140.82260131835938,1643.9051513671875,0.004874737001955509,0.9131796360015869,0.4075281322002411,-0.9879215955734253,0.06751646101474762,-0.1394720822572708,-0.1548779159784317,-0.4019259512424469,0.9024789929389954
300,1648559751.2401712,77.30297088623047,-55.57176971435547,1839.966064453125,0.872729480266571,-0.006586662493646145,-0.4881596863269806,-0.06488063931465149,0.989474892616272,-0.1293441206216812,0.48387372493743896,0.14455454051494598,0.8631165623664856
4,1648559751.2401965,-146.80337524414062,-65.7302017211914,1677.373291015625,0.04315568879246712,-0.9981160759925842,0.04361038655042648,-0.98063725233078,-0.03397322818636894,0.19286353886127472,-0.19101861119270325,-0.05108913034200668,-0.9802559614181519
300,1648559751.2884567,77.32566833496094,-55.541221618652344,1840.0064697265625,0.8725740313529968,-0.007719223853200674,-0.48842093348503113,-0.06510140746831894,0.9891179203987122,-0.13193745911121368,0.4841243624687195,0.14692208170890808,0.8625760674476624
4,1648559751.2884839,-147.22080993652344,-65.83332824707031,1677.1363525390625,0.021648932248353958,-0.9992587566375732,0.031831495463848114,-0.9815666675567627,-0.015196762047708035,0.19051484763622284,-0.18988990783691406,-0.035369180142879486,-0.9811680912971497
410,1648559751.2885022,-171.632568359375,-140.34164428710938,1643.8240966796875,0.010782472789287567,0.9139781594276428,0.40562012791633606,-0.9863059520721436,0.07648298144340515,-0.1461193561553955,-0.16457293927669525,-0.3984900414943695,0.9022867679595947
300,1648559751.3218098,77.33061218261719,-55.55275344848633,1839.98974609375,0.8727612495422363,-0.0071132248267531395,-0.4880954921245575,-0.06498878449201584,0.9892997145652771,-0.13062362372875214,0.48380187153816223,0.14572396874427795,0.862960159778595
4,1648559751.3218343,-147.200439453125,-65.7022705078125,1677.1087646484375,0.021717088297009468,-0.9991828203201294,0.03408944234251976,-0.9807298183441162,-0.014669368974864483,0.19481734931468964,-0.19415806233882904,-0.037663400173187256,-0.9802469611167908
410,1648559751.3218527,-172.06639099121094,-140.2557830810547,1643.61279296875,0.007496944162994623,0.9117388129234314,0.41070204973220825,-0.9867384433746338,0.07334199547767639,-0.14480380713939667,-0.16214494407176971,-0.4041699171066284,0.9001975655555725
300,1648559751.3598692,77.32396697998047,-55.55501937866211,1839.9647216796875,0.872704267501831,-0.007097049616277218,-0.48819756507873535,-0.06517539918422699,0.9892523884773254,-0.13088884949684143,0.48387953639030457,0.1460457295179367,0.862862229347229
4,1648559751.3598955,-147.05946350097656,-65.50778198242188,1677.033935546875,0.04402286559343338,-0.9982924461364746,0.03839477151632309,-0.9801394939422607,-0.035720035433769226,0.19506578147411346,-0.19336122274398804,-0.046219587326049805,-0.9800383448600769
410,1648559751.3599148,-172.1961212158203,-140.26039123535156,1643.565185546875,0.003409420605748892,0.9114029407501221,0.4115009903907776,-0.9871666431427002,0.06876734644174576,-0.144128680229187,-0.15965713560581207,-0.40572866797447205,0.8999410271644592
300,1648559751.4100108,77.3290023803711,-55.551910400390625,1839.94482421875,0.8724958896636963,-0.007365990895777941,-0.4885658919811249,-0.06508695334196091,0.989223837852478,-0.131148561835289,0.48426705598831177,0.14622583985328674,0.8626142740249634
4,1648559751.4100375,-147.3253631591797,-65.52510070800781,1677.00146484375,0.038662124425172806,-0.9985081553459167,0.03855803981423378,-0.9804466962814331,-0.030455369502305984,0.1944139003753662,-0.1929495632648468,-0.04532055929303169,-0.9801614880561829
300,1648559751.4816484,77.33051300048828,-55.525001525878906,1839.9075927734375,0.8723165392875671,-0.007681381888687611,-0.4888812303543091,-0.06515292823314667,0.9891335964202881,-0.13179457187652588,0.48458120226860046,0.1468186229467392,0.8623371124267578
4,1648559751.4816873,-147.4451141357422,-65.67552185058594,1677.0364990234375,0.018130404874682426,-0.9992738962173462,0.033511433750391006,-0.9814468622207642,-0.011388355866074562,0.19139568507671356,-0.1908750683069229,-0.036359772086143494,-0.9809406995773315
300,1648559751.5247092,77.33258056640625,-55.533836364746094,1839.8809814453125,0.8725134134292603,-0.007236897945404053,-0.4885365068912506,-0.06482300907373428,0.9893364310264587,-0.13042765855789185,0.4842708706855774,0.14546829462051392,0.8627402186393738
4,1648559751.5247355,-147.36822509765625,-65.55254364013672,1677.2059326171875,0.03604160621762276,-0.998573899269104,0.03938493877649307,-0.9807602167129517,-0.027777433395385742,0.1932300478219986,-0.19186046719551086,-0.04559149965643883,-0.9803626537322998
300,1648559751.5575192,77.31497192382812,-55.53657150268555,1839.908935546875,0.8723905086517334,-0.007329635787755251,-0.48875463008880615,-0.06500093638896942,0.9892680048942566,-0.1308574229478836,0.4844684600830078,0.1459282785654068,0.8625515699386597
4,1648559751.5575447,-147.5259246826172,-65.67985534667969,1677.0804443359375,0.01717834733426571,-0.9992692470550537,0.03414414823055267,-0.9815318584442139,-0.010346482507884502,0.19101876020431519,-0.19052590429782867,-0.036794956773519516,-0.9809923768043518
410,1648559751.5575628,-172.71937561035156,-140.19515991210938,1644.034423828125,0.0052953846752643585,0.9105395078659058,0.413388192653656,-0.9869011640548706,0.07141481339931488,-0.1446581780910492,-0.16123902797698975,-0.40720728039741516,0.8989906907081604
300,1648559751.5941567,77.31523895263672,-55.54393005371094,1839.9732666015625,0.8726942539215088,-0.0068030278198421,-0.4882197082042694,-0.06485480815172195,0.9894280433654785,-0.1297152191400528,0.4839406907558441,0.14486512541770935,0.8630269169807434
4,1648559751.5941842,-147.40020751953125,-65.62383270263672,1677.387939453125,0.0356205552816391,-0.998436450958252,0.043079547584056854,-0.9805631637573242,-0.026595434173941612,0.19439277052879333,-0.19294311106204987,-0.04916659742593765,-0.9799773693084717
300,1648559751.6443753,77.32234191894531,-55.54771041870117,1839.9501953125,0.8728117942810059,-0.006775117013603449,-0.4880099296569824,-0.0648481473326683,0.9894281029701233,-0.1297180950641632,0.48372960090637207,0.14486601948738098,0.863145112991333
4,1648559751.6444027,-147.59385681152344,-65.69618225097656,1677.6290283203125,0.0361897312104702,-0.9984917640686035,0.04128621891140938,-0.9812706112861633,-0.0276830792427063,0.19063489139080048,-0.18920443952083588,-0.047411978244781494,-0.9807924032211304
300,1648559751.6948047,77.32317352294922,-55.536251068115234,1839.9842529296875,0.8727507591247559,-0.006929637864232063,-0.4881168603897095,-0.06463775038719177,0.9894548654556274,-0.12961897253990173,0.4838677942752838,0.1446758359670639,0.8630995750427246
4,1648559751.6948311,-147.58993530273438,-65.73090362548828,1677.810791015625,0.034632906317710876,-0.9984985589981079,0.04243980348110199,-0.9815772771835327,-0.026000555604696274,0.1892881989479065,-0.18790054321289062,-0.048213545233011246,-0.981003999710083
300,1648559751.745225,77.3299560546875,-55.53297424316406,1839.942138671875,0.8721920847892761,-0.007054159417748451,-0.4891127347946167,-0.0648554265499115,0.9894010424613953,-0.12992052733898163,0.4848451316356659,0.14503726363182068,0.8624902367591858
4,1648559751.7452507,-147.5382080078125,-65.86607360839844,1677.733642578125,0.019699176773428917,-0.9990816712379456,0.03804890066385269,-0.9819861650466919,-0.012181014753878117,0.18855974078178406,-0.1879231035709381,-0.04107796773314476,-0.9813243746757507
300,1648559751.7957098,77.3085708618164,-55.53244400024414,1839.931396484375,0.8725306987762451,-0.007525788154453039,-0.48850128054618835,-0.06502862274646759,0.9891956448554993,-0.13138951361179352,0.48421216011047363,0.14640794694423676,0.8626142144203186
4,1648559751.7957377,-147.69821166992188,-65.88903045654297,1677.6922607421875,0.01803733967244625,-0.9992156624794006,0.03525273874402046,-0.9825464487075806,-0.011185545474290848,0.18568067252635956,-0.1851407140493393,-0.0379866361618042,-0.9819775819778442
410,1648559751.7957566,-172.9588165283203,-140.6215362548828,1645.05859375,0.004131852183490992,0.9115961790084839,0.4110661447048187,-0.9880875945091248,0.06696008890867233,-0.13856147229671478,-0.15383712947368622,-0.4055968225002289,0.9010134935379028
300,1648559751.8460886,77.32048034667969,-55.53839874267578,1839.9326171875,0.8727906346321106,-0.007027470041066408,-0.4880441725254059,-0.06485612690448761,0.9893601536750793,-0.1302310824394226,0.48376667499542236,0.14531712234020233,0.8630484938621521
4,1648559751.846115,-147.50401306152344,-65.87882232666016,1677.7723388671875,0.022709008306264877,-0.998885989189148,0.04136529192328453,-0.9822812080383301,-0.014594044536352158,0.18684375286102295,-0.18603192269802094,-0.044875387102365494,-0.9815183877944946
300,1648559751.8966258,77.30516815185547,-55.536827087402344,1839.9620361328125,0.8731649518013,-0.0064662154763937,-0.4873819351196289,-0.06473937630653381,0.9895145297050476,-0.1291114091873169,0.483106404542923,0.14428836107254028,0.8635908365249634
4,1648559751.8966537,-147.5957489013672,-65.82844543457031,1677.8153076171875,0.02334284782409668,-0.9989636540412903,0.039073433727025986,-0.9822892546653748,-0.015650009736418724,0.18671604990959167,-0.18591104447841644,-0.04273989796638489,-0.9816365838050842
300,1648559751.9470398,77.32687377929688,-55.53358459472656,1839.8106689453125,0.8721778988838196,-0.007207523100078106,-0.4891357421875,-0.06502777338027954,0.9893096685409546,-0.13052870333194733,0.4848475158214569,0.1456516683101654,0.8623853325843811
4,1648559751.9470668,-147.54408264160156,-65.75234985351562,1677.83740234375,0.033036377280950546,-0.9984906315803528,0.043875496834516525,-0.9819225072860718,-0.02423921599984169,0.18772505223751068,-0.18637819588184357,-0.04928408935666084,-0.9812411665916443
410,1648559751.9470856,-173.3491668701172,-140.58584594726562,1645.005615234375,-0.0009566397056914866,0.9107413291931152,0.41297611594200134,-0.9883489012718201,0.06199488043785095,-0.1390075385570526,-0.1522023230791092,-0.40829744935035706,0.9000709056854248
300,1648559751.9974513,77.31708526611328,-55.55263900756836,1839.890625,0.8731068968772888,-0.006548536475747824,-0.48748481273651123,-0.06483206897974014,0.989469587802887,-0.12940895557403564,0.4831988513469696,0.1445925086736679,0.8634881973266602
4,1648559751.9974787,-147.6429901123047,-65.69011688232422,1677.828857421875,0.035615935921669006,-0.9984565377235413,0.04261535406112671,-0.9816069602966309,-0.026948081329464912,0.1890013962984085,-0.1875612735748291,-0.04856299236416817,-0.9810516834259033
300,1648559752.047921,77.33447265625,-55.53816604614258,1839.9832763671875,0.8731892704963684,-0.006643261760473251,-0.48733600974082947,-0.06469287723302841,0.9894796013832092,-0.1294025033712387,0.48306867480278015,0.14452004432678223,0.8635731339454651
4,1648559752.047948,-147.5792694091797,-65.64743041992188,1677.8521728515625,0.030547356233000755,-0.9985771179199219,0.04371080920100212,-0.9817725419998169,-0.021768540143966675,0.1888088881969452,-0.18758870661258698,-0.04868168383836746,-0.9810405373573303
300,1648559752.0825565,77.35791778564453,-55.52536392211914,1839.849853515625,0.8718032240867615,-0.007378869224339724,-0.48980069160461426,-0.06486979871988297,0.9893413782119751,-0.13036715984344482,0.48554202914237976,0.14542777836322784,0.8620322942733765
4,1648559752.0825844,-147.4840545654297,-65.75555419921875,1677.6224365234375,0.022115342319011688,-0.9988510012626648,0.042515188455581665,-0.9821917414665222,-0.01377100870013237,0.18737590312957764,-0.18657512962818146,-0.04590194672346115,-0.9813677668571472
300,1648559752.1235483,77.31922149658203,-55.51799392700195,1839.9136962890625,0.8732314109802246,-0.007107436656951904,-0.48725396394729614,-0.06490155309438705,0.9892895817756653,-0.13074371218681335,0.48296451568603516,0.14579305052757263,0.8634174466133118
4,1648559752.123575,-147.52078247070312,-65.66278076171875,1677.5322265625,0.022153081372380257,-0.9988182187080383,0.043259844183921814,-0.9817091822624207,-0.013548679649829865,0.18990395963191986,-0.1890934258699417,-0.04667554423213005,-0.9808491468429565
300,1648559752.1736157,77.32380676269531,-55.519474029541016,1839.78759765625,0.8726714849472046,-0.007549748755991459,-0.48824942111968994,-0.06511607766151428,0.9891512393951416,-0.1316802054643631,0.48394671082496643,0.1467064470052719,0.8627125024795532
4,1648559752.173642,-147.56265258789062,-65.63938903808594,1677.5469970703125,0.021586813032627106,-0.9988571405410767,0.042642440646886826,-0.9821279048919678,-0.013209959492087364,0.1877507120370865,-0.18697282671928406,-0.04593326896429062,-0.9812906384468079
300,1648559752.205537,77.33140563964844,-55.53367233276367,1839.91796875,0.8732178211212158,-0.006555978208780289,-0.4872859716415405,-0.06473562866449356,0.9894877076148987,-0.12931907176971436,0.48301127552986145,0.14446847140789032,0.8636139035224915
4,1648559752.2055628,-147.583984375,-65.54093933105469,1677.5704345703125,0.030933238565921783,-0.9985489845275879,0.044080715626478195,-0.9816436171531677,-0.022046497091650963,0.1894458830356598,-0.18819916248321533,-0.04913172870874405,-0.9809011816978455
300,1648559752.2468452,77.33457946777344,-55.533233642578125,1839.859375,0.8729907870292664,-0.006994612980633974,-0.48768648505210876,-0.06494233757257462,0.9893269538879395,-0.13044039905071259,0.48339375853538513,0.14554476737976074,0.8632190823554993
4,1648559752.2468712,-147.5519256591797,-65.60955047607422,1677.6541748046875,0.02498333528637886,-0.9987550973892212,0.04317452013492584,-0.9819271564483643,-0.016411857679486275,0.18854616582393646,-0.18760286271572113,-0.04710474610328674,-0.9811148047447205
300,1648559752.2951148,77.34109497070312,-55.5331916809082,1840.00732421875,0.8731271028518677,-0.007107951678335667,-0.4874407947063446,-0.06497711688280106,0.9892750978469849,-0.13081589341163635,0.4831428825855255,0.14589139819145203,0.8633010387420654
4,1648559752.2951427,-147.30860900878906,-65.4863510131836,1677.78125,0.02934499830007553,-0.998489499092102,0.046449992805719376,-0.9813656806945801,-0.019951216876506805,0.1911107748746872,-0.189895361661911,-0.051192574203014374,-0.9804688096046448
300,1648559752.3453658,77.3439712524414,-55.54318618774414,1839.900390625,0.8730561137199402,-0.006839400622993708,-0.4875718057155609,-0.06474333256483078,0.9894229173660278,-0.12980984151363373,0.4833025634288788,0.14489829540252686,0.8633788824081421
4,1648559752.3453934,-147.56307983398438,-65.4733657836914,1677.737548828125,0.02140583097934723,-0.9988027215003967,0.043987441807985306,-0.9815317988395691,-0.012629232369363308,0.19088159501552582,-0.19009752571582794,-0.04726105183362961,-0.9806270003318787
300,1648559752.3959527,77.3533935546875,-55.52293395996094,1839.97119140625,0.8725704550743103,-0.007598599418997765,-0.4884292185306549,-0.06511075794696808,0.989147961139679,-0.13170763850212097,0.48412954807281494,0.14672619104385376,0.8626065254211426
4,1648559752.3959787,-147.4716339111328,-65.57219696044922,1677.6353759765625,0.023254893720149994,-0.9987792372703552,0.04358011484146118,-0.981708288192749,-0.014574388973414898,0.18983256816864014,-0.18896567821502686,-0.04719749465584755,-0.9808487892150879
300,1648559752.4463546,77.34866333007812,-55.525291442871094,1840.00537109375,0.8725442290306091,-0.007432473823428154,-0.48847854137420654,-0.06505437195301056,0.9892118573188782,-0.13125470280647278,0.4841843247413635,0.1463032066822052,0.8626475930213928
4,1648559752.4463825,-147.5491180419922,-65.4933090209961,1677.5152587890625,0.02269897796213627,-0.9986479878425598,0.046764981001615524,-0.981799840927124,-0.013444779440760612,0.1894420087337494,-0.18855713307857513,-0.05021399259567261,-0.9807776212692261
300,1648559752.4969022,77.3360366821289,-55.52595520019531,1839.951904296875,0.8729090690612793,-0.006681394297629595,-0.48783713579177856,-0.0648680105805397,0.9894393086433411,-0.12962257862091064,0.4835512936115265,0.14479374885559082,0.8632571697235107
4,1648559752.4969292,-147.61561584472656,-65.3984603881836,1677.3387451171875,0.025488965213298798,-0.9985064268112183,0.04832429438829422,-0.9817304015159607,-0.015884095802903175,0.18961311876773834,-0.1885623335838318,-0.052274469286203384,-0.9806689620018005
300,1648559752.5473225,77.35494995117188,-55.529361724853516,1839.916748046875,0.872880220413208,-0.006495438516139984,-0.4878913164138794,-0.06498073786497116,0.9894572496414185,-0.1294291466474533,0.4835882782936096,0.14467968046665192,0.8632555603981018
4,1648559752.547351,-147.8134765625,-65.33101654052734,1677.267822265625,0.025594180449843407,-0.9987105131149292,0.04384278878569603,-0.9815094470977783,-0.01678278110921383,0.1906764954328537,-0.1896948367357254,-0.047912318259477615,-0.9806733727455139
300,1648559752.5977218,77.36071014404297,-55.51679229736328,1839.876953125,0.872889518737793,-0.007363318465650082,-0.48786234855651855,-0.06490357965230942,0.9892479777336121,-0.13105705380439758,0.48358187079429626,0.14606234431266785,0.8630262613296509
4,1648559752.5977492,-147.6120147705078,-65.2707748413086,1677.31640625,0.026241304352879524,-0.9986612200737,0.04457727074623108,-0.9811174869537354,-0.01718108355998993,0.19264797866344452,-0.19162419438362122,-0.04879087582230568,-0.9802548885345459
300,1648559752.648187,77.35914611816406,-55.5167236328125,1839.900146484375,0.8727226257324219,-0.007354721426963806,-0.48816096782684326,-0.06481564044952393,0.9892902970314026,-0.13078069686889648,0.4838947653770447,0.14577575027942657,0.8628993630409241
4,1648559752.648214,-147.36036682128906,-65.13151550292969,1677.2393798828125,0.03273575380444527,-0.9983654618263245,0.046848319470882416,-0.980536937713623,-0.023001596331596375,0.19498273730278015,-0.19358643889427185,-0.05231941491365433,-0.9796871542930603
410,1648559752.6482317,-172.5728759765625,-139.4186248779297,1644.2489013671875,-0.0022856632713228464,0.9141920208930969,0.4052748382091522,-0.9886564612388611,0.058797482401132584,-0.13820725679397583,-0.15017712116241455,-0.4009934961795807,0.9036874771118164
300,1648559752.6986468,77.36920928955078,-55.51994705200195,1839.8704833984375,0.8723211288452148,-0.0073003340512514114,-0.4888788163661957,-0.06482914090156555,0.9893330931663513,-0.13045009970664978,0.48461633920669556,0.145487979054451,0.8625429272651672
4,1648559752.6986988,-147.9763946533203,-65.3376693725586,1677.248291015625,0.021800529211759567,-0.9988856911659241,0.04185757786035538,-0.980888307094574,-0.013273355551064014,0.19411823153495789,-0.19334633648395538,-0.04528949037194252,-0.9800847172737122
410,1648559752.6987176,-172.40122985839844,-137.5433807373047,1644.83056640625,-0.00025883648777380586,0.9154059290885925,0.4025319218635559,-0.988888680934906,0.05960509181022644,-0.13618502020835876,-0.14865753054618835,-0.39809450507164,0.9052191376686096
300,1648559752.749044,77.34123229980469,-55.514320373535156,1839.90283203125,0.8733965158462524,-0.0070706880651414394,-0.48695844411849976,-0.06446578353643417,0.989417314529419,-0.12999066710472107,0.48272421956062317,0.1449255496263504,0.8636978268623352
4,1648559752.7490706,-147.89730834960938,-65.35798645019531,1677.452880859375,0.02473836950957775,-0.9986855983734131,0.044889844954013824,-0.98188716173172,-0.01583573967218399,0.1888035535812378,-0.18784451484680176,-0.048747457563877106,-0.9809883236885071
410,1648559752.7490895,-172.38023376464844,-133.64842224121094,1645.4344482421875,0.003046793397516012,0.9160662293434143,0.40101537108421326,-0.9889494776725769,0.06219988316297531,-0.13457360863685608,-0.1482214629650116,-0.39617395401000977,0.9061327576637268
300,1648559752.799627,77.3177719116211,-55.536930084228516,1839.934326171875,0.8731898665428162,-0.007114099338650703,-0.48732826113700867,-0.06512590497732162,0.9892233610153198,-0.1311327964067459,0.48300936818122864,0.14624151587486267,0.8633164763450623
4,1648559752.799677,-148.00367736816406,-65.50051879882812,1677.583251953125,0.02130964584648609,-0.9988794326782227,0.04225904121994972,-0.98211669921875,-0.01300588995218277,0.18782354891300201,-0.18706345558166504,-0.04550576210021973,-0.981293261051178
410,1648559752.7996979,-172.36671447753906,-128.9188995361328,1646.2108154296875,0.009049981832504272,0.9174038171768188,0.39785465598106384,-0.9885362982749939,0.06817439198493958,-0.13471555709838867,-0.15071207284927368,-0.3920745849609375,0.9075039625167847
300,1648559752.849916,77.32763671875,-55.52548599243164,1839.9229736328125,0.8728631734848022,-0.007480270229279995,-0.48790764808654785,-0.06484678387641907,0.9892358779907227,-0.13117671012878418,0.4836369752883911,0.14613856375217438,0.8629825115203857
4,1648559752.849942,-147.8560028076172,-65.4522705078125,1677.726318359375,0.02904553711414337,-0.9986361265182495,0.043384455144405365,-0.9811013340950012,-0.020175231620669365,0.19243988394737244,-0.1913021355867386,-0.048154067248106,-0.9803492426872253
410,1648559752.8499649,-172.19692993164062,-124.64818572998047,1646.7666015625,0.0059138149954378605,0.9157146215438843,0.4017857015132904,-0.9874428510665894,0.06877802312374115,-0.14221881330013275,-0.15786586701869965,-0.39589938521385193,0.9046226143836975
300,1648559752.8849196,77.31507873535156,-55.54661178588867,1839.941650390625,0.8729067444801331,-0.006372942589223385,-0.4878454804420471,-0.06476256996393204,0.9895526766777039,-0.12880727648735046,0.4835696816444397,0.1440308690071106,0.8633744716644287
4,1648559752.8849456,-147.88809204101562,-65.56048583984375,1677.616455078125,0.01417495496571064,-0.9991653561592102,0.038310274481773376,-0.982176661491394,-0.006731744855642319,0.18783952295780182,-0.18742485344409943,-0.040290072560310364,-0.9814522862434387
410,1648559752.884965,-171.80477905273438,-122.90968322753906,1646.9183349609375,0.013081052340567112,0.9175041317939758,0.3975110948085785,-0.9880722165107727,0.07286325097084045,-0.13566240668296814,-0.15343476831912994,-0.390995055437088,0.907513439655304
300,1648559752.9212432,77.32975006103516,-55.53662109375,1839.91162109375,0.8727667331695557,-0.007131058257073164,-0.4880853593349457,-0.06461986154317856,0.9894053339958191,-0.13000507652759552,0.4838413596153259,0.14500410854816437,0.8630592823028564
4,1648559752.9212697,-147.4440155029297,-65.49652862548828,1677.631591796875,0.030367178842425346,-0.9985043406486511,0.04546350985765457,-0.9815547466278076,-0.02120058983564377,0.1900022178888321,-0.18875418603420258,-0.050394754856824875,-0.9807304739952087
410,1648559752.921289,-171.06837463378906,-121.67640686035156,1647.09814453125,0.014543324708938599,0.9191775918006897,0.39357465505599976,-0.9877910017967224,0.07426558434963226,-0.136943519115448,-0.15510445833206177,-0.3867778778076172,0.9090354442596436
300,1648559752.9714217,77.29986572265625,-55.53996276855469,1839.879638671875,0.8727940917015076,-0.006897783372551203,-0.48803985118865967,-0.06495872139930725,0.9893636703491211,-0.13015331327915192,0.48374664783477783,0.14529949426651,0.8630626797676086
4,1648559752.971449,-147.42298889160156,-65.5968246459961,1677.8577880859375,0.032548073679208755,-0.9985987544059753,0.04172718524932861,-0.9809485077857971,-0.023916911333799362,0.19279004633426666,-0.19152191281318665,-0.04720716178417206,-0.9803524017333984
410,1648559752.9714668,-170.3092041015625,-121.46139526367188,1647.2237548828125,0.019487809389829636,0.9218308329582214,0.38710230588912964,-0.9869257211685181,0.07969359308481216,-0.14009472727775574,-0.1599932163953781,-0.37931108474731445,0.9113315939903259
300,1648559753.0027857,77.29460906982422,-55.55805969238281,1839.8486328125,0.8731521964073181,-0.00615339819341898,-0.487408846616745,-0.06467851996421814,0.989616334438324,-0.12835977971553802,0.4831376075744629,0.14360250532627106,0.8636876344680786
4,1648559753.002811,-147.28041076660156,-65.82543182373047,1677.9473876953125,0.026460647583007812,-0.9988105893135071,0.04095400869846344,-0.9828600883483887,-0.01851731911301613,0.18342085182666779,-0.18244433403015137,-0.04510549455881119,-0.9821810126304626
410,1648559753.00283,-170.2671356201172,-121.51754760742188,1646.8173828125,0.02075866237282753,0.9210197925567627,0.3889622688293457,-0.9868009090423584,0.08137000352144241,-0.1400102823972702,-0.16060210764408112,-0.3809219002723694,0.9105523228645325
300,1648559753.0446398,77.31121826171875,-55.55480194091797,1839.8653564453125,0.8733344674110413,-0.006453883368521929,-0.48707830905914307,-0.06475655734539032,0.9894992709159851,-0.12921997904777527,0.4827975928783417,0.14439377188682556,0.8637458682060242
4,1648559753.0446866,-146.8804931640625,-65.58489990234375,1677.610595703125,0.021676186472177505,-0.9987999200820923,0.043919485062360764,-0.9816129207611084,-0.01292893011122942,0.19044414162635803,-0.18964776396751404,-0.047240037471055984,-0.9807150959968567
410,1648559753.0447066,-169.85081481933594,-121.24103546142578,1646.5035400390625,0.023011555895209312,0.9219075441360474,0.3867259621620178,-0.9865686893463135,0.08351439237594604,-0.14038380980491638,-0.16171807050704956,-0.3783012926578522,0.9114468693733215
300,1648559753.0929198,77.32241821289062,-55.54477310180664,1839.8509521484375,0.8728685975074768,-0.0068703917786479,-0.48790693283081055,-0.06492264568805695,0.9893758296966553,-0.13007879257202148,0.48361703753471375,0.1452178955078125,0.863149106502533
4,1648559753.0929458,-146.60240173339844,-65.44828033447266,1677.386474609375,0.03332437202334404,-0.9982990622520447,0.047838203608989716,-0.981215238571167,-0.023578912019729614,0.19146987795829773,-0.1900162249803543,-0.05332018435001373,-0.9803319573402405
410,1648559753.0929656,-169.40016174316406,-120.78978729248047,1646.638671875,0.02230845019221306,0.9202316403388977,0.39073777198791504,-0.9862549901008606,0.08425930142402649,-0.1421317756175995,-0.16371744871139526,-0.3821963667869568,0.9094627499580383
300,1648559753.1262436,77.33056640625,-55.532623291015625,1839.867431640625,0.8726918697357178,-0.0074416520074009895,-0.4882145822048187,-0.06507226824760437,0.989192008972168,-0.1313956379890442,0.4839157462120056,0.1464371383190155,0.8627755641937256
4,1648559753.126269,-146.4987335205078,-65.3739242553711,1677.2681884765625,0.03479285538196564,-0.998323380947113,0.046258460730314255,-0.9805448055267334,-0.025152651593089104,0.19467732310295105,-0.193187415599823,-0.05213187262415886,-0.9797759652137756
410,1648559753.126289,-169.1264190673828,-120.24105834960938,1646.4310302734375,0.025563936680555344,0.9224870204925537,0.3851807713508606,-0.9867993593215942,0.08492357283830643,-0.13789477944374084,-0.15991705656051636,-0.37657102942466736,0.9124805927276611
300,1648559753.1644003,77.3321304321289,-55.54142761230469,1839.8228759765625,0.8727436661720276,-0.006768052000552416,-0.48813188076019287,-0.0648382306098938,0.9894383549690247,-0.1296447217464447,0.483853816986084,0.144796222448349,0.8630871772766113
4,1648559753.1644273,-146.33770751953125,-65.39312744140625,1677.2421875,0.033002473413944244,-0.9983878135681152,0.04618077352643013,-0.9808675050735474,-0.023484263569116592,0.193254753947258,-0.1918586641550064,-0.05167510733008385,-0.9800611734390259
410,1648559753.1644468,-169.0023193359375,-120.1332778930664,1646.3887939453125,0.02731555700302124,0.9223549365997314,0.3853766620159149,-0.9869858622550964,0.08600153774023056,-0.13587713241577148,-0.15846993029117584,-0.37664976716041565,0.9127005338668823
300,1648559753.2147892,77.35371398925781,-55.53706741333008,1839.768798828125,0.8725258708000183,-0.0065693301148712635,-0.4885237514972687,-0.06517343968153,0.9894080758094788,-0.12970763444900513,0.48420146107673645,0.1450120359659195,0.8628559708595276
4,1648559753.2148166,-146.32159423828125,-65.39395904541016,1677.1810302734375,0.03268538415431976,-0.9984561800956726,0.044909507036209106,-0.9814686179161072,-0.023575758561491966,0.19016723334789276,-0.18881487846374512,-0.0502929612994194,-0.9807239770889282
410,1648559753.2148368,-169.09197998046875,-119.5564193725586,1646.4415283203125,0.023046493530273438,0.9212031364440918,0.38839879631996155,-0.9863381385803223,0.0843382179737091,-0.1415066123008728,-0.16311320662498474,-0.37983131408691406,0.9105615019798279
300,1648559753.265122,77.35787200927734,-55.53227615356445,1839.7698974609375,0.8729261159896851,-0.0071336436085402966,-0.4878002405166626,-0.06479782611131668,0.9893384575843811,-0.13042491674423218,0.4835299551486969,0.14545971155166626,0.8631571531295776
4,1648559753.2651486,-146.49700927734375,-65.24423217773438,1677.0118408203125,0.03440859168767929,-0.9983301758766174,0.04639899730682373,-0.9808308482170105,-0.024822747334837914,0.19327372312545776,-0.19179923832416534,-0.05215984582901001,-0.9800471663475037
