300,1650641112.2747998,35.931983947753906,102.111083984375,1026.81005859375,-0.0968557596206665,0.8136534690856934,0.5732250809669495,-0.6029877066612244,-0.5061758160591125,0.6165969967842102,0.7918489575386047,-0.2859266996383667,0.5396490693092346
300,1650641112.3046381,35.92876052856445,102.11087799072266,1026.8150634765625,-0.09685038775205612,0.8136184811592102,0.573275625705719,-0.6029516458511353,-0.5062243342399597,0.6165924072265625,0.7918770909309387,-0.2859402596950531,0.539600670337677
300,1650641112.3344927,35.92472457885742,102.10882568359375,1026.8243408203125,-0.09691578149795532,0.8135638236999512,0.5733421444892883,-0.6029213070869446,-0.5063194632530212,0.6165439486503601,0.7918921709060669,-0.28592735528945923,0.5395853519439697
300,1650641112.366366,35.92116928100586,102.11004638671875,1026.82568359375,-0.09681627154350281,0.8135624527931213,0.5733609199523926,-0.6028828024864197,-0.5062962174415588,0.6166006922721863,0.7919336557388306,-0.2859724462032318,0.5395005345344543
300,1650641112.396612,35.92221450805664,102.11009979248047,1026.8275146484375,-0.09686332941055298,0.8135942816734314,0.5733078122138977,-0.6029079556465149,-0.5062711834907532,0.6165966987609863,0.7919088006019592,-0.2859262228012085,0.5395615696907043
300,1650641112.4268863,35.924442291259766,102.10717010498047,1026.81640625,-0.09683748334646225,0.8135149478912354,0.573424756526947,-0.6028587818145752,-0.5063642859458923,0.616568386554718,0.7919493913650513,-0.2859872281551361,0.5394696593284607
300,1650641112.4566565,35.927913665771484,102.1054916381836,1026.8206787109375,-0.09685961157083511,0.8136160969734192,0.573277473449707,-0.6029303073883057,-0.5062382221221924,0.6166018843650818,0.7918922305107117,-0.2859225571155548,0.5395877957344055
300,1650641112.4865048,35.933067321777344,102.10655212402344,1026.81591796875,-0.0968443900346756,0.8134569525718689,0.5735058188438416,-0.6029360890388489,-0.5064013600349426,0.6164622902870178,0.7918896675109863,-0.28608646988868713,0.5395047068595886
300,1650641112.5187476,35.9297981262207,102.10697937011719,1026.822509765625,-0.09682062268257141,0.8134327530860901,0.5735442042350769,-0.6029626131057739,-0.5064085721969604,0.616430401802063,0.7918723821640015,-0.2861425280570984,0.53950035572052
300,1650641112.5489066,35.93190002441406,102.10950469970703,1026.8192138671875,-0.09680354595184326,0.8134642243385315,0.5735024809837341,-0.6029821634292603,-0.5063610672950745,0.616450309753418,0.7918595671653748,-0.2861371636390686,0.5395219326019287
300,1650641112.5788937,35.93581771850586,102.1102066040039,1026.8218994140625,-0.09683359414339066,0.8135438561439514,0.5733843445777893,-0.6029393672943115,-0.506302535533905,0.6165401935577393,0.7918884754180908,-0.28601422905921936,0.5395447611808777
300,1650641112.608283,35.938594818115234,102.10985565185547,1026.8074951171875,-0.09684643149375916,0.8135700225830078,0.5733451247215271,-0.6029059886932373,-0.5062914490699768,0.6165819764137268,0.791912317276001,-0.2859594225883484,0.5395387411117554
300,1650641112.6386552,35.938453674316406,102.1152114868164,1026.81103515625,-0.09678030014038086,0.813442051410675,0.5735378265380859,-0.6030207872390747,-0.5063619017601013,0.6164118051528931,0.7918329834938049,-0.2861987352371216,0.5395283102989197
300,1650641112.6705608,35.94017791748047,102.11146545410156,1026.806640625,-0.09680397063493729,0.8135671615600586,0.5733563303947449,-0.6029453873634338,-0.506263792514801,0.6165661215782166,0.7918875217437744,-0.2860165238380432,0.539544939994812
300,1650641112.7007396,35.93842315673828,102.10986328125,1026.8134765625,-0.0967998132109642,0.8135069012641907,0.5734425187110901,-0.602982759475708,-0.5063134431838989,0.6164888143539429,0.7918595671653748,-0.28609997034072876,0.5395417213439941
300,1650641112.7308862,35.936222076416016,102.11490631103516,1026.820556640625,-0.0967717096209526,0.8135035037994385,0.5734520554542542,-0.6030464172363281,-0.506283164024353,0.6164513826370239,0.7918145060539246,-0.2861631512641907,0.5395743250846863
300,1650641112.7607908,35.934722900390625,102.1102066040039,1026.81982421875,-0.09680525213479996,0.8135998845100403,0.5733096599578857,-0.6029461622238159,-0.5062288641929626,0.6165940761566162,0.7918867468833923,-0.2859853506088257,0.5395625233650208
300,1650641112.7902114,35.93482208251953,102.10688781738281,1026.818115234375,-0.09678899496793747,0.8135747313499451,0.5733481645584106,-0.6029581427574158,-0.5062452554702759,0.616568922996521,0.7918796539306641,-0.28602784872055054,0.5395504236221313
300,1650641112.822465,35.935157775878906,102.10649871826172,1026.8134765625,-0.09678798913955688,0.8134713768959045,0.5734949111938477,-0.6028332114219666,-0.5064011216163635,0.616563081741333,0.7919749021530151,-0.2860459089279175,0.539401113986969
300,1650641112.8524823,35.938194274902344,102.10662078857422,1026.8050537109375,-0.09679815173149109,0.8136018514633179,0.5733080506324768,-0.6029961705207825,-0.5062058568000793,0.6165640354156494,0.7918495535850525,-0.28602030873298645,0.5395985841751099
300,1650641112.8821921,35.94062042236328,102.10897827148438,1026.806884765625,-0.09680783003568649,0.8135368824005127,0.5733985900878906,-0.6029615998268127,-0.5062919855117798,0.6165271401405334,0.7918747067451477,-0.2860527038574219,0.5395445823669434
300,1650641112.9148004,35.94134521484375,102.11360931396484,1026.8072509765625,-0.09679988771677017,0.8135616183280945,0.5733648538589478,-0.6030150055885315,-0.5062429904937744,0.6165151596069336,0.7918350100517273,-0.28606900572776794,0.5395941734313965
300,1650641112.9451132,35.94261169433594,102.11067199707031,1026.7977294921875,-0.09681207686662674,0.8135964870452881,0.5733133554458618,-0.6029220223426819,-0.506243884563446,0.6166053414344788,0.7919043302536011,-0.2859683930873871,0.5395457744598389
300,1650641112.974719,35.94359588623047,102.11041259765625,1026.7974853515625,-0.09681427478790283,0.813612699508667,0.5732899308204651,-0.6029444336891174,-0.5062191486358643,0.6166037321090698,0.7918869853019714,-0.2859659194946289,0.5395724773406982
300,1650641113.0042636,35.94322204589844,102.11369323730469,1026.8179931640625,-0.09681165218353271,0.8134960532188416,0.5734558701515198,-0.6029634475708008,-0.5063366889953613,0.6164886355400085,0.7918727993965149,-0.2860896587371826,0.5395277142524719
300,1650641113.0343392,35.940040588378906,102.11100769042969,1026.8280029296875,-0.09680590033531189,0.8135704398155212,0.5733513236045837,-0.6030040383338928,-0.5062398314476013,0.6165285110473633,0.7918426394462585,-0.28604957461357117,0.5395932197570801
300,1650641113.066189,35.93842697143555,102.1092300415039,1026.8292236328125,-0.09677916765213013,0.8135960102081299,0.5733196139335632,-0.6029489636421204,-0.5062218904495239,0.616597056388855,0.7918878197669983,-0.28600871562957764,0.5395485758781433
300,1650641113.096492,35.939815521240234,102.10658264160156,1026.818603515625,-0.09677104651927948,0.8134731650352478,0.5734952092170715,-0.602878749370575,-0.5063761472702026,0.6165390610694885,0.7919422388076782,-0.28608497977256775,0.5394282341003418
300,1650641113.1268163,35.94057846069336,102.10789489746094,1026.816650390625,-0.09681478142738342,0.8134475350379944,0.5735242366790771,-0.6029609441757202,-0.5063909888267517,0.6164464354515076,0.791874349117279,-0.2861315608024597,0.5395032167434692
300,1650641113.1564033,35.93998718261719,102.10735321044922,1026.81103515625,-0.0967690721154213,0.8134211897850037,0.5735692977905273,-0.6028825044631958,-0.50642991065979,0.6164911985397339,0.7919396758079529,-0.2861376106739044,0.5394041538238525
300,1650641113.1861482,35.93938446044922,102.10800170898438,1026.8143310546875,-0.09679552167654037,0.8135770559310913,0.5733436942100525,-0.6030087471008301,-0.5062269568443298,0.616534411907196,0.7918403148651123,-0.28605347871780396,0.5395945906639099
300,1650641113.2184339,35.9407844543457,102.10523986816406,1026.8045654296875,-0.09680493175983429,0.8136158585548401,0.5732870101928711,-0.6029415130615234,-0.5062131881713867,0.6166114807128906,0.7918903231620789,-0.28596752882003784,0.5395667552947998
300,1650641113.248734,35.945350646972656,102.10761260986328,1026.802001953125,-0.09682062268257141,0.8135706186294556,0.5733485817909241,-0.6028859615325928,-0.5062879920005798,0.6166043877601624,0.7919307351112366,-0.2859638035297394,0.5395094156265259
300,1650641113.2788427,35.94452667236328,102.10572052001953,1026.798828125,-0.0967579185962677,0.8135525584220886,0.5733848214149475,-0.6028924584388733,-0.5062807202339172,0.6166040301322937,0.7919334769248962,-0.28602805733680725,0.5394713878631592
300,1650641113.3083656,35.94456481933594,102.10977935791016,1026.80224609375,-0.09680669754743576,0.8135731220245361,0.5733474493026733,-0.6029289364814758,-0.5062643885612488,0.6165817379951477,0.7918997406959534,-0.28599849343299866,0.5395365357398987
300,1650641113.3389575,35.94453430175781,102.11158752441406,1026.798583984375,-0.09680072218179703,0.8135663866996765,0.5733579397201538,-0.6029492616653442,-0.506261944770813,0.6165639162063599,0.7918850183486938,-0.286021888256073,0.5395457744598389
300,1650641113.3711522,35.94378662109375,102.11090850830078,1026.80078125,-0.09675925225019455,0.8135691285133362,0.5733610391616821,-0.6029284596443176,-0.5062504410743713,0.6165937185287476,0.7919058799743652,-0.28603455424308777,0.5395084023475647
300,1650641113.4004278,35.94683074951172,102.11387634277344,1026.8011474609375,-0.09681050479412079,0.8135541081428528,0.5733736753463745,-0.6029654741287231,-0.506273090839386,0.6165388822555542,0.7918714284896851,-0.2860370874404907,0.5395575761795044
300,1650641113.4308224,35.946044921875,102.11256408691406,1026.800048828125,-0.0967961922287941,0.8135933876037598,0.5733203887939453,-0.6029090881347656,-0.5062456727027893,0.6166165471076965,0.7919161319732666,-0.2859739363193512,0.5395255088806152
300,1650641113.4609902,35.945587158203125,102.11204528808594,1026.7994384765625,-0.09677388519048691,0.813632071018219,0.5732693076133728,-0.6029156446456909,-0.5061930418014526,0.616653323173523,0.7919138669967651,-0.28595706820487976,0.5395377278327942
300,1650641113.4907277,35.9455680847168,102.11133575439453,1026.80224609375,-0.09677930176258087,0.8135380744934082,0.5734017491340637,-0.6029240489006042,-0.5062932372093201,0.6165628433227539,0.7919067740440369,-0.28604719042778015,0.53950035572052
300,1650641113.5222743,35.94594955444336,102.11541748046875,1026.7972412109375,-0.09674347937107086,0.8135952353477478,0.5733266472816467,-0.6029679775238037,-0.5062019228935242,0.6165948510169983,0.7918776869773865,-0.2860460877418518,0.539543628692627
300,1650641113.552745,35.950538635253906,102.1187515258789,1026.790771484375,-0.09677772969007492,0.8135626912117004,0.5733671188354492,-0.6029483675956726,-0.5062573552131653,0.6165685057640076,0.7918884754180908,-0.28604066371917725,0.5395307540893555
300,1650641113.5824695,35.94882583618164,102.11873626708984,1026.795654296875,-0.09674915671348572,0.8135049939155579,0.5734537839889526,-0.6029996275901794,-0.5062897801399231,0.6164917945861816,0.7918529510498047,-0.2861473560333252,0.5395262837409973
300,1650641113.615088,35.94633865356445,102.1131820678711,1026.79736328125,-0.0967639684677124,0.8136832118034363,0.5731983780860901,-0.6028613448143005,-0.5061538219451904,0.6167386174201965,0.7919564247131348,-0.28588107228279114,0.5395156145095825
300,1650641113.6446352,35.94572448730469,102.11861419677734,1026.80224609375,-0.0967756137251854,0.8136222958564758,0.5732828974723816,-0.6030303239822388,-0.5061628222465515,0.6165659427642822,0.7918263077735901,-0.28603842854499817,0.5396231412887573
300,1650641113.6747563,35.943878173828125,102.11474609375,1026.799072265625,-0.0967542827129364,0.813541054725647,0.573401689529419,-0.6029353737831116,-0.5062761902809143,0.6165658235549927,0.7919012308120728,-0.28606876730918884,0.5394970774650574
300,1650641113.704548,35.94351577758789,102.12036895751953,1026.8023681640625,-0.09675265103578568,0.813509464263916,0.5734468102455139,-0.6029950976371765,-0.5062879323959351,0.6164976954460144,0.7918559312820435,-0.2861378490924835,0.5395269393920898
300,1650641113.7351022,35.951419830322266,102.12042999267578,1026.78125,-0.09678846597671509,0.8135568499565125,0.5733736157417297,-0.6030641198158264,-0.5062260031700134,0.6164810657501221,0.791799008846283,-0.28611278533935547,0.5396237969398499
300,1650641113.7672322,35.95670700073242,102.11925506591797,1026.7747802734375,-0.09678780287504196,0.8135449290275574,0.5733906030654907,-0.6029519438743591,-0.5062790513038635,0.6165472269058228,0.7918845415115356,-0.2860527038574219,0.5395300984382629
300,1650641113.7968092,35.952598571777344,102.11650848388672,1026.792724609375,-0.09677563607692719,0.8133536577224731,0.5736638903617859,-0.6029186844825745,-0.5064919590950012,0.6164048910140991,0.7919113636016846,-0.28621968626976013,0.539402186870575
300,1650641113.8263762,35.94602584838867,102.11190795898438,1026.800048828125,-0.09680607169866562,0.81341952085495,0.5735653638839722,-0.6029185056686401,-0.5064330101013184,0.6164534687995911,0.7919077277183533,-0.2861367166042328,0.5394514799118042
300,1650641113.8564427,35.9415168762207,102.11518859863281,1026.81201171875,-0.09683480858802795,0.8134781718254089,0.5734773278236389,-0.6029396653175354,-0.5063734650611877,0.6164816617965698,0.7918881177902222,-0.2860753536224365,0.5395128726959229
300,1650641113.8862188,35.940731048583984,102.11273956298828,1026.818359375,-0.09681430459022522,0.8135343790054321,0.5734010338783264,-0.6029602885246277,-0.5062976479530334,0.616523802280426,0.791874885559082,-0.2860497534275055,0.5395457744598389
300,1650641113.9185667,35.940372467041016,102.11168670654297,1026.8123779296875,-0.09681826829910278,0.8135499358177185,0.5733783841133118,-0.602913498878479,-0.5062994360923767,0.6165680885314941,0.7919100522994995,-0.2860025465488434,0.5395192503929138
300,1650641113.948348,35.94350051879883,102.11621856689453,1026.8138427734375,-0.09677385538816452,0.813496470451355,0.5734617114067078,-0.6030014753341675,-0.50630784034729,0.6164751052856445,0.7918484807014465,-0.2861396074295044,0.5395369529724121
300,1650641113.978502,35.94237518310547,102.11200714111328,1026.8157958984375,-0.09682999551296234,0.8135780096054077,0.5733364820480347,-0.6029074788093567,-0.5062759518623352,0.6165933012962341,0.7919132113456726,-0.28596413135528564,0.5395349264144897
300,1650641114.008144,35.94242858886719,102.11180114746094,1026.8167724609375,-0.09685813635587692,0.8135586380958557,0.5733593106269836,-0.6029436588287354,-0.5062946677207947,0.6165425181388855,0.7918822169303894,-0.28598618507385254,0.5395687818527222
300,1650641114.0390482,35.94504165649414,102.11259460449219,1026.81494140625,-0.0968150645494461,0.8135104775428772,0.5734348893165588,-0.6029251217842102,-0.5063363909721375,0.6165263652801514,0.7919015884399414,-0.2860492765903473,0.5395068526268005
300,1650641114.07115,35.94413375854492,102.11031341552734,1026.8135986328125,-0.09680444747209549,0.813495397567749,0.5734580159187317,-0.6029812693595886,-0.5063281655311584,0.6164782047271729,0.7918601632118225,-0.28610658645629883,0.5395373106002808
300,1650641114.1002655,35.944515228271484,102.1120834350586,1026.79833984375,-0.09683919697999954,0.8135451674461365,0.5733815431594849,-0.6029340028762817,-0.5063052177429199,0.6165432333946228,0.791891872882843,-0.2860057055950165,0.5395442843437195
300,1650641114.1307316,35.942413330078125,102.1033706665039,1026.7952880859375,-0.09684479981660843,0.8136736750602722,0.5731982588768005,-0.6029070615768433,-0.5061789155006409,0.6166732907295227,0.7919117212295532,-0.2858636677265167,0.5395904183387756
300,1650641114.1607866,35.94694519042969,102.10964965820312,1026.7926025390625,-0.09682308882474899,0.8133599162101746,0.5736470818519592,-0.6029835939407349,-0.5064802169799805,0.6163510084152222,0.7918561100959778,-0.28622275590896606,0.5394816398620605
300,1650641114.190617,35.946022033691406,102.10588836669922,1026.798583984375,-0.09686869382858276,0.8135889768600464,0.5733144283294678,-0.6029342412948608,-0.5062695145606995,0.616572380065918,0.7918881177902222,-0.2859443426132202,0.5395823121070862
300,1650641114.222184,35.9464225769043,102.10493469238281,1026.8031005859375,-0.09688052535057068,0.813428521156311,0.5735400319099426,-0.6029123067855835,-0.5064545273780823,0.6164418458938599,0.7919033169746399,-0.28607311844825745,0.5394916534423828
300,1650641114.252457,35.939945220947266,102.10089874267578,1026.7991943359375,-0.09690036624670029,0.8136063814163208,0.573284387588501,-0.6029172539710999,-0.5062692165374756,0.6165891885757446,0.791897177696228,-0.28589534759521484,0.5395950078964233
300,1650641114.28319,35.94447326660156,102.10262298583984,1026.7899169921875,-0.09686402976512909,0.8134053349494934,0.5735757350921631,-0.6029711365699768,-0.5064517855644226,0.6163865327835083,0.7918605804443359,-0.2861439287662506,0.5395169258117676
300,1650641114.314995,35.942142486572266,102.1039810180664,1026.798095703125,-0.09692952036857605,0.8134914040565491,0.5734426379203796,-0.6030076146125793,-0.5063715577125549,0.6164167523384094,0.7918247580528259,-0.2860412895679474,0.5396238565444946
300,1650641114.3444355,35.93915939331055,102.10063934326172,1026.7977294921875,-0.09691927582025528,0.8135694861412048,0.5733335614204407,-0.602879524230957,-0.5063298344612122,0.6165763139724731,0.7919235825538635,-0.28589290380477905,0.5395575165748596
300,1650641114.3745172,35.937461853027344,102.10528564453125,1026.798583984375,-0.09689164906740189,0.8133800029754639,0.5736069679260254,-0.603049635887146,-0.5064613223075867,0.6163018941879272,0.791797399520874,-0.2861989736557007,0.5395804047584534
300,1650641114.404218,35.935791015625,102.10655975341797,1026.8056640625,-0.09691008925437927,0.8135204315185547,0.5734046697616577,-0.6030647158622742,-0.5063121318817139,0.6164097189903259,0.7917836904525757,-0.2860637903213501,0.5396722555160522
300,1650641114.434747,35.93647766113281,102.10391998291016,1026.810546875,-0.09692761301994324,0.8134303689002991,0.5735294818878174,-0.6029861569404602,-0.5064440965652466,0.616378128528595,0.7918413281440735,-0.2860862910747528,0.5395756959915161
300,1650641114.4667273,35.9326286315918,102.10100555419922,1026.812744140625,-0.09694409370422363,0.81353360414505,0.5733802914619446,-0.6030048131942749,-0.5063328742980957,0.6164513230323792,0.7918251156806946,-0.28598976135253906,0.5396506786346436
300,1650641114.496359,35.931358337402344,102.10066223144531,1026.8095703125,-0.0969356894493103,0.8135268092155457,0.5733912587165833,-0.6029361486434937,-0.5063616633415222,0.6164948344230652,0.7918784618377686,-0.2859579622745514,0.5395892262458801
300,1650641114.5266972,35.934898376464844,102.09715270996094,1026.8094482421875,-0.09697620570659637,0.813614547252655,0.5732600092887878,-0.6028674840927124,-0.50630784034729,0.6166061758995056,0.7919257879257202,-0.2858036756515503,0.5396015644073486
300,1650641114.5564747,35.93557357788086,102.10072326660156,1026.7965087890625,-0.09698481112718582,0.8134037256240845,0.5735575556755066,-0.6030703783035278,-0.5064645409584045,0.6162790060043335,0.7917702198028564,-0.28612586855888367,0.5396590828895569
4,1650641114.5564823,-58.4157829284668,2.0640368461608887,1059.089111328125,-0.2561105787754059,0.14884082973003387,-0.955119788646698,-0.7841805815696716,-0.6097350716590881,0.1152561753988266,-0.5652151703834534,0.7785046696662903,0.27287766337394714
300,1650641114.5863395,35.93379211425781,102.1033706665039,1026.792236328125,-0.09699473530054092,0.813514769077301,0.5733984112739563,-0.6030206680297852,-0.506367027759552,0.6164076924324036,0.7918068170547485,-0.28598281741142273,0.5396811366081238
4,1650641114.5863473,-60.454978942871094,3.1081418991088867,1057.4012451171875,-0.2659124732017517,0.17755946516990662,-0.9475036859512329,-0.782659113407135,-0.6135877370834351,0.10466505587100983,-0.5627923607826233,0.7694041728973389,0.30212917923927307
300,1650641114.618804,35.93704605102539,102.10286712646484,1026.7952880859375,-0.09703020751476288,0.8135575652122498,0.5733317136764526,-0.6030461192131042,-0.5063256025314331,0.616416871547699,0.7917831540107727,-0.2859343886375427,0.539741575717926
4,1650641114.6188111,-62.393123626708984,4.764367580413818,1055.03271484375,-0.2732292711734772,0.22717268764972687,-0.9347397089004517,-0.7833395004272461,-0.6165360808372498,0.07913552969694138,-0.5583233833312988,0.7538406848907471,0.34640905261039734
300,1650641114.6483788,35.94039535522461,102.10740661621094,1026.79150390625,-0.09701646119356155,0.8135635852813721,0.573325514793396,-0.603010356426239,-0.5063267350196838,0.6164509654045105,0.7918120622634888,-0.2859153151512146,0.5397092700004578
4,1650641114.6483862,-64.03665161132812,5.791098594665527,1053.632568359375,-0.27940070629119873,0.26040592789649963,-0.9241883158683777,-0.7837679386138916,-0.6178649663925171,0.06285472214221954,-0.5546558499336243,0.7419108152389526,0.37672972679138184
300,1650641114.6786635,35.934295654296875,102.10486602783203,1026.7879638671875,-0.09706403315067291,0.8135992288589478,0.5732668042182922,-0.6030125021934509,-0.5063060522079468,0.6164658069610596,0.7918045520782471,-0.2858504056930542,0.5397546291351318
4,1650641114.6786711,-65.14434814453125,5.896635055541992,1053.290283203125,-0.28437691926956177,0.271287739276886,-0.9195285439491272,-0.7840983867645264,-0.6177049279212952,0.060252297669649124,-0.5516515970230103,0.7381352186203003,0.38837730884552
300,1650641114.7084935,35.92876434326172,102.10115051269531,1026.79296875,-0.097054623067379,0.8135634064674377,0.5733192563056946,-0.6029917597770691,-0.5063484311103821,0.6164512634277344,0.7918215394020081,-0.28587737679481506,0.5397155284881592
4,1650641114.7085004,-65.96641540527344,6.228614330291748,1052.7657470703125,-0.28719085454940796,0.2868339717388153,-0.9139188528060913,-0.7849099040031433,-0.6173478960990906,0.052895937114953995,-0.549033522605896,0.7325352430343628,0.4024355113506317
300,1650641114.7383847,35.93168258666992,102.09911346435547,1026.7803955078125,-0.09706111252307892,0.8135560154914856,0.5733286738395691,-0.6030236482620239,-0.5063473582267761,0.6164209842681885,0.7917964458465576,-0.2859002351760864,0.5397401452064514
4,1650641114.7383916,-67.2165298461914,7.0532732009887695,1051.666015625,-0.2899271547794342,0.31495580077171326,-0.9037395119667053,-0.7857915759086609,-0.6173880100250244,0.0369269996881485,-0.5463275909423828,0.7208570241928101,0.42648717761039734
300,1650641114.7705061,35.927799224853516,102.09324645996094,1026.78369140625,-0.09705725312232971,0.8135550022125244,0.5733307003974915,-0.6029362678527832,-0.5063784718513489,0.6164808869361877,0.7918635010719299,-0.285847932100296,0.5396695137023926
4,1650641114.770513,-68.58512115478516,7.957798480987549,1050.6142578125,-0.29320359230041504,0.33873608708381653,-0.8940299153327942,-0.7852921485900879,-0.6186932325363159,0.023127565160393715,-0.5452961325645447,0.7088557481765747,0.44740989804267883
300,1650641114.800816,35.92192840576172,102.09786987304688,1026.797119140625,-0.09709474444389343,0.8136075139045715,0.573249876499176,-0.6030346155166626,-0.5063011050224304,0.6164482831954956,0.7917839884757996,-0.2858356237411499,0.5397926568984985
4,1650641114.800823,-69.19801330566406,8.048908233642578,1050.4666748046875,-0.29711833596229553,0.3400854170322418,-0.8922234177589417,-0.7842945456504822,-0.6198889017105103,0.02489634044468403,-0.5446125268936157,0.7071630954742432,0.45090746879577637
300,1650641114.8310099,35.91966247558594,102.09681701660156,1026.8072509765625,-0.09707684814929962,0.8134515881538391,0.5734741687774658,-0.6029735803604126,-0.5064838528633118,0.6163578033447266,0.7918326258659363,-0.2859557271003723,0.539657711982727
4,1650641114.831017,-69.61080169677734,8.319643020629883,1050.180908203125,-0.29843565821647644,0.344581663608551,-0.8900559544563293,-0.783391535282135,-0.6211318373680115,0.02220233529806137,-0.5451915860176086,0.7038882970809937,0.45531025528907776
300,1650641114.8609483,35.921077728271484,102.09581756591797,1026.8028564453125,-0.09705278277397156,0.8135691285133362,0.573311448097229,-0.6030197143554688,-0.5063314437866211,0.6164379119873047,0.7918004989624023,-0.2858910858631134,0.5397391319274902
4,1650641114.860956,-69.68045043945312,8.689603805541992,1049.8231201171875,-0.29706716537475586,0.3514310419559479,-0.8878329396247864,-0.7830792665481567,-0.6217181086540222,0.015922019258141518,-0.5463863015174866,0.699973464012146,0.4598903954029083
300,1650641114.8906739,35.922149658203125,102.09761047363281,1026.80615234375,-0.09700672328472137,0.8135010004043579,0.5734158754348755,-0.6030048727989197,-0.5063921809196472,0.6164025664329529,0.7918174266815186,-0.2859773635864258,0.5396685004234314
4,1650641114.8906815,-69.44208526611328,8.927321434020996,1049.5703125,-0.29573309421539307,0.35515841841697693,-0.8867944478988647,-0.7830797433853149,-0.6218032836914062,0.012115451507270336,-0.5471088290214539,0.6980137228965759,0.4620051681995392
300,1650641114.9223194,35.92612075805664,102.09416961669922,1026.7947998046875,-0.09703119099140167,0.8137248158454895,0.5730941295623779,-0.6029007434844971,-0.5061985850334167,0.61666339635849,0.791893720626831,-0.285683274269104,0.5397123098373413
4,1650641114.9223258,-69.2619400024414,9.027039527893066,1049.483642578125,-0.2943614721298218,0.3567391335964203,-0.8866163492202759,-0.7832211256027222,-0.6216644048690796,0.009900659322738647,-0.5476458668708801,0.6973310112953186,0.4623996615409851
300,1650641114.9528341,35.9295654296875,102.1008071899414,1026.7908935546875,-0.09704805910587311,0.8136321306228638,0.573222815990448,-0.6029641032218933,-0.5062819123268127,0.6165329813957214,0.7918434143066406,-0.28579944372177124,0.5397246479988098
4,1650641114.9528418,-69.15498352050781,8.975777626037598,1049.5579833984375,-0.2936205267906189,0.35625529289245605,-0.8870564699172974,-0.7837316989898682,-0.6210188269615173,0.010008913464844227,-0.5473130345344543,0.6981530785560608,0.4615524709224701
300,1650641114.9826531,35.92892837524414,102.10437774658203,1026.7906494140625,-0.09700235724449158,0.8135335445404053,0.5733704566955566,-0.6030524373054504,-0.5063382983207703,0.6164002418518066,0.7917817234992981,-0.2859801948070526,0.5397194027900696
4,1650641114.9826603,-69.04560089111328,8.937857627868652,1049.635986328125,-0.29239746928215027,0.3571270704269409,-0.8871098756790161,-0.7843143939971924,-0.6203011274337769,0.008798492141067982,-0.5471330881118774,0.6983457207679749,0.46147438883781433
300,1650641115.0143042,35.93190002441406,102.1008071899414,1026.7825927734375,-0.09701443463563919,0.8136147856712341,0.5732531547546387,-0.602997362613678,-0.5062755346298218,0.6165056824684143,0.7918221950531006,-0.28586021065711975,0.5397235751152039
4,1650641115.0143108,-68.6898193359375,8.88111686706543,1049.72705078125,-0.2907264530658722,0.35680681467056274,-0.8877876996994019,-0.7853043079376221,-0.6190534234046936,0.00836488138884306,-0.5466033816337585,0.6996154189109802,0.46017715334892273
300,1650641115.0450583,35.93130111694336,102.10047912597656,1026.783203125,-0.09701129049062729,0.8134931325912476,0.573426365852356,-0.6029716730117798,-0.5064144134521484,0.6164166927337646,0.7918421030044556,-0.28596046566963196,0.539641261100769
4,1650641115.0450656,-68.1414794921875,8.660078048706055,1050.0328369140625,-0.28801965713500977,0.3537099361419678,-0.8899067044258118,-0.7865085601806641,-0.6175121068954468,0.009113057516515255,-0.5463048219680786,0.7025440335273743,0.4560515284538269
300,1650641115.0747426,35.92643737792969,102.09861755371094,1026.7830810546875,-0.09705440700054169,0.8136703968048096,0.5731674432754517,-0.6030064821243286,-0.506227970123291,0.6165358424186707,0.7918103933334351,-0.28578612208366394,0.5397801399230957
4,1650641115.0747497,-67.31524658203125,8.398040771484375,1050.4112548828125,-0.28326573967933655,0.3512304425239563,-0.8924111723899841,-0.788709282875061,-0.6147087216377258,0.008415303193032742,-0.5456172227859497,0.7062367796897888,0.45114463567733765
300,1650641115.1045818,35.926605224609375,102.09878540039062,1026.7855224609375,-0.09705737233161926,0.8135353922843933,0.5733585953712463,-0.6030233502388,-0.5063682198524475,0.6164041757583618,0.7917971611022949,-0.28592202067375183,0.5397275686264038
4,1650641115.1045892,-66.24629974365234,8.035015106201172,1050.941650390625,-0.2778159976005554,0.3495979309082031,-0.8947622776031494,-0.7920290231704712,-0.6104384064674377,0.007410151418298483,-0.543606698513031,0.7107363939285278,0.44648128747940063
300,1650641115.1343076,35.92723083496094,102.09467315673828,1026.7880859375,-0.09702872484922409,0.8136396408081055,0.5732154250144958,-0.6029801964759827,-0.5062605738639832,0.6165348291397095,0.7918335199356079,-0.285815954208374,0.5397303700447083
4,1650641115.1343145,-65.12760162353516,7.559157848358154,1051.6357421875,-0.27113035321235657,0.348101407289505,-0.897392749786377,-0.7956917881965637,-0.6056771278381348,0.005459308158606291,-0.5416298508644104,0.7155281901359558,0.4411988854408264
300,1650641115.1664667,35.92441177368164,102.0938491821289,1026.78955078125,-0.09704219549894333,0.813561201095581,0.5733245015144348,-0.6029838919639587,-0.5063487887382507,0.6164586544036865,0.7918290495872498,-0.2858829200267792,0.539701521396637
4,1650641115.1664743,-63.81650924682617,6.974550247192383,1052.5042724609375,-0.26380425691604614,0.3467821180820465,-0.900083065032959,-0.8005354404449463,-0.5992737412452698,0.003741039428859949,-0.5380988121032715,0.7215352654457092,0.4357023537158966
300,1650641115.197158,35.92372131347656,102.09428405761719,1026.7890625,-0.09707649797201157,0.8136235475540161,0.5732301473617554,-0.6030125617980957,-0.5062847137451172,0.6164833307266235,0.7918030023574829,-0.2858189344406128,0.5397735834121704
4,1650641115.1971653,-62.37468338012695,6.477746486663818,1053.3004150390625,-0.25550806522369385,0.34591662883758545,-0.9028052687644958,-0.8053070306777954,-0.5928575396537781,0.0007567253196612,-0.5349730849266052,0.7272287607192993,0.43004897236824036
300,1650641115.2266827,35.92407989501953,102.09913635253906,1026.7960205078125,-0.09705392271280289,0.8134828805923462,0.5734336972236633,-0.6030664443969727,-0.5064077973365784,0.6163294911384583,0.7917647361755371,-0.28600141406059265,0.5397330522537231
4,1650641115.2266898,-60.86271286010742,5.963287830352783,1054.205810546875,-0.24672576785087585,0.3438645899295807,-0.9060262441635132,-0.8101320862770081,-0.5862443447113037,-0.0018853875808417797,-0.5318011045455933,0.7335357666015625,0.4232173264026642
300,1650641115.2569869,35.92321014404297,102.0904769897461,1026.7802734375,-0.09707137942314148,0.8135457634925842,0.573341429233551,-0.6029632091522217,-0.5063841938972473,0.6164498329162598,0.7918412089347839,-0.2858641743659973,0.5396935939788818
4,1650641115.2569997,-59.246482849121094,5.485171318054199,1055.0732421875,-0.23688864707946777,0.34189561009407043,-0.9093905687332153,-0.8146340250968933,-0.5799460411071777,-0.005831887945532799,-0.529391348361969,0.7394389510154724,0.41590240597724915
300,1650641115.2861958,35.92452621459961,102.09331512451172,1026.7821044921875,-0.09709295630455017,0.8135195970535278,0.5733749270439148,-0.602972686290741,-0.5064172744750977,0.616413414478302,0.791831374168396,-0.28588002920150757,0.5396996736526489
4,1650641115.286203,-57.47450637817383,5.259772300720215,1055.7781982421875,-0.22603709995746613,0.34226319193840027,-0.9120104908943176,-0.8191322088241577,-0.5734750032424927,-0.012198453769087791,-0.5271903276443481,0.7442998886108398,0.4099854528903961
300,1650641115.318512,35.92498779296875,102.09397888183594,1026.7806396484375,-0.09710776060819626,0.8135982155799866,0.5732608437538147,-0.6030448079109192,-0.5063124895095825,0.6164289712905884,0.7917746305465698,-0.2858419418334961,0.5398030281066895
4,1650641115.3185189,-55.2762565612793,5.130988121032715,1056.4683837890625,-0.21266451478004456,0.34284764528274536,-0.9150023460388184,-0.8239935040473938,-0.5662229061126709,-0.0206491407006979,-0.5251747965812683,0.7495646476745605,0.402919739484787
300,1650641115.3482463,35.92300796508789,102.08863067626953,1026.7762451171875,-0.09707549959421158,0.8136059045791626,0.5732554197311401,-0.6029555201530457,-0.5063239336013794,0.6165068745613098,0.7918465733528137,-0.2857997715473175,0.539719820022583
4,1650641115.348254,-53.13926696777344,5.110734462738037,1057.0880126953125,-0.19907701015472412,0.3446391820907593,-0.9173833131790161,-0.828522801399231,-0.5591370463371277,-0.0302607249468565,-0.5233719944953918,0.7540488243103027,0.3968527615070343
300,1650641115.3784397,35.925071716308594,102.0915298461914,1026.7796630859375,-0.0970989316701889,0.8135337233543396,0.5733538866043091,-0.603084921836853,-0.5063639283180237,0.6163474321365356,0.791745126247406,-0.2859343886375427,0.539797306060791
4,1650641115.3784468,-51.060699462890625,5.264316558837891,1057.5634765625,-0.18543840944766998,0.3492388129234314,-0.9185014367103577,-0.8327277302742004,-0.5521024465560913,-0.04180276021361351,-0.5217059850692749,0.7571097612380981,0.3932018280029297
300,1650641115.4082522,35.9273796081543,102.09054565429688,1026.7747802734375,-0.09711437672376633,0.8135050535202026,0.5733919739723206,-0.6030329465866089,-0.5064194798469543,0.6163526177406311,0.7917828559875488,-0.2859175503253937,0.5397509336471558
4,1650641115.4082596,-49.163169860839844,5.4181599617004395,1058.021728515625,-0.17327968776226044,0.3512301743030548,-0.9201149344444275,-0.8359507322311401,-0.5464155673980713,-0.05115051940083504,-0.52073073387146,0.7603074312210083,0.3882938325405121
300,1650641115.438748,35.92362976074219,102.08914184570312,1026.771728515625,-0.09710387885570526,0.8136430978775024,0.5731977820396423,-0.6030377149581909,-0.5062652230262756,0.6164746880531311,0.7917805314064026,-0.2857978045940399,0.5398178100585938
4,1650641115.4387546,-47.64920425415039,5.598122596740723,1058.353271484375,-0.16327722370624542,0.3532860279083252,-0.921156644821167,-0.8385053277015686,-0.5416767597198486,-0.05911915376782417,-0.5198551416397095,0.7627419233322144,0.38467568159103394
300,1650641115.4708176,35.926517486572266,102.09098052978516,1026.76708984375,-0.09713271260261536,0.8135231733322144,0.5733631253242493,-0.6030772924423218,-0.5063911080360413,0.6163325905799866,0.7917468547821045,-0.28591620922088623,0.5398044586181641
4,1650641115.470825,-46.42000961303711,5.89804220199585,1058.4573974609375,-0.15477217733860016,0.3572825789451599,-0.9210834503173828,-0.8398893475532532,-0.5385117530822754,-0.06775645911693573,-0.5202224850654602,0.7631213665008545,0.3834244906902313
300,1650641115.5002997,35.925716400146484,102.09253692626953,1026.767822265625,-0.09716533869504929,0.8134850263595581,0.573411762714386,-0.6030967831611633,-0.5064377784729004,0.6162751913070679,0.7917279601097107,-0.2859421968460083,0.5398183465003967
4,1650641115.5003068,-45.82481002807617,6.068451881408691,1058.5252685546875,-0.15114136040210724,0.35703715682029724,-0.9217813014984131,-0.8405264616012573,-0.5371958017349243,-0.07025587558746338,-0.5202609896659851,0.7641630172729492,0.3812916874885559
300,1650641115.5307996,35.923362731933594,102.08870697021484,1026.7607421875,-0.0971531793475151,0.8135274648666382,0.5733535289764404,-0.603011965751648,-0.506417989730835,0.6163743734359741,0.7917940616607666,-0.28585633635520935,0.5397669672966003
4,1650641115.5308063,-45.613895416259766,6.059376239776611,1058.62353515625,-0.15006837248802185,0.3553970158100128,-0.9225900769233704,-0.8407527804374695,-0.5368679761886597,-0.07005372643470764,-0.5202059745788574,0.7651573419570923,0.3793679475784302
300,1650641115.560802,35.92313003540039,102.09135437011719,1026.76611328125,-0.09710804373025894,0.813441812992096,0.5734827518463135,-0.6030640006065369,-0.5064737796783447,0.6162776350975037,0.7917599678039551,-0.2860012948513031,0.5397401452064514
4,1650641115.5608091,-45.81272888183594,6.013155460357666,1058.6424560546875,-0.1504558026790619,0.3565269410610199,-0.9220908880233765,-0.8407208323478699,-0.5368723273277283,-0.07040315121412277,-0.5201457142829895,0.7646284699440002,0.3805151581764221
300,1650641115.5905204,35.919193267822266,102.08836364746094,1026.76904296875,-0.09713158011436462,0.8135231137275696,0.5733633637428284,-0.6030318737030029,-0.5064070820808411,0.6163638234138489,0.7917815446853638,-0.28588801622390747,0.5397685170173645
4,1650641115.5905273,-46.158599853515625,5.784600734710693,1058.7860107421875,-0.15305736660957336,0.3555302619934082,-0.9220475554466248,-0.8409605622291565,-0.5368801355361938,-0.06741726398468018,-0.5189979076385498,0.7650868892669678,0.3811603784561157
300,1650641115.6229253,35.919864654541016,102.0917739868164,1026.7816162109375,-0.09710892289876938,0.8134487867355347,0.5734727382659912,-0.6031086444854736,-0.5064505338668823,0.6162530779838562,0.7917258739471436,-0.2860226631164551,0.5397788286209106
4,1650641115.6229327,-46.60359573364258,5.348187446594238,1059.151611328125,-0.15650831162929535,0.3534577786922455,-0.9222649931907654,-0.8420573472976685,-0.5357624888420105,-0.06243372708559036,-0.5161826610565186,0.7668286561965942,0.3814830183982849
300,1650641115.652815,35.92279052734375,102.09117126464844,1026.7845458984375,-0.0971071869134903,0.8135486245155334,0.573331356048584,-0.602986216545105,-0.5063866972923279,0.6164252758026123,0.7918193340301514,-0.2858515679836273,0.5397323966026306
4,1650641115.6528227,-46.94807434082031,4.923929214477539,1059.550537109375,-0.15898023545742035,0.35263746976852417,-0.9221562147140503,-0.8432955741882324,-0.5342127084732056,-0.05890118330717087,-0.5133983492851257,0.7682861089706421,0.38230687379837036
300,1650641115.6826975,35.921241760253906,102.09491729736328,1026.7857666015625,-0.09711943566799164,0.8135187029838562,0.5733717083930969,-0.6030793190002441,-0.5063900351524353,0.6163314580917358,0.7917469143867493,-0.285930871963501,0.5397966504096985
4,1650641115.6827047,-47.15338897705078,4.413670063018799,1060.072021484375,-0.16108782589435577,0.3494183123111725,-0.9230154752731323,-0.8448309898376465,-0.532294750213623,-0.05406360328197479,-0.5102071166038513,0.7710831165313721,0.38094562292099
300,1650641115.7145176,35.92255783081055,102.09990692138672,1026.794677734375,-0.09710490703582764,0.8135276436805725,0.5733614563941956,-0.6030740737915039,-0.5063766241073608,0.61634761095047,0.7917526364326477,-0.2859290838241577,0.5397891402244568
4,1650641115.7145247,-47.3047981262207,4.0174102783203125,1060.52001953125,-0.16257892549037933,0.34692448377609253,-0.9236944913864136,-0.8459864854812622,-0.530811071395874,-0.05046234279870987,-0.5078138709068298,0.7732289433479309,0.37979212403297424
300,1650641115.7443688,35.91704177856445,102.10287475585938,1026.804443359375,-0.09711053967475891,0.8135555386543274,0.5733209848403931,-0.6030107140541077,-0.5063717365264893,0.6164135932922363,0.7918002605438232,-0.2858584225177765,0.5397567749023438
4,1650641115.7443764,-47.337547302246094,3.7332351207733154,1060.868408203125,-0.16315162181854248,0.3453327715396881,-0.9241898059844971,-0.847124457359314,-0.5292044281959534,-0.048195626586675644,-0.5057289004325867,0.7750406265258789,0.37888041138648987
300,1650641115.7748852,35.917991638183594,102.09612274169922,1026.7874755859375,-0.09715554118156433,0.8135742545127869,0.573286771774292,-0.6029880046844482,-0.5063772797584534,0.6164312958717346,0.791812002658844,-0.28579533100128174,0.5397728681564331
4,1650641115.7748926,-47.06634521484375,3.4840383529663086,1061.2462158203125,-0.16165411472320557,0.34378665685653687,-0.9250290393829346,-0.8486530184745789,-0.526814341545105,-0.04748336598277092,-0.5036426782608032,0.7773528099060059,0.37691730260849
300,1650641115.804619,35.919578552246094,102.09282684326172,1026.7735595703125,-0.09712453186511993,0.8136125206947327,0.5732377171516418,-0.6029794812202454,-0.506327211856842,0.6164807677268982,0.7918223142623901,-0.28577518463134766,0.5397684574127197
4,1650641115.804626,-46.570098876953125,3.347917318344116,1061.596435546875,-0.15823785960674286,0.3442966043949127,-0.9254299998283386,-0.8504638671875,-0.5237069129943848,-0.049420181661844254,-0.5016692280769348,0.7792245745658875,0.3756820559501648
300,1650641115.8348536,35.9222412109375,102.0918960571289,1026.7723388671875,-0.09711870551109314,0.8136134147644043,0.573237419128418,-0.6030082106590271,-0.5063135623931885,0.616463840007782,0.7918011546134949,-0.2857967019081116,0.5397881269454956
4,1650641115.8348608,-45.79945755004883,3.279109001159668,1061.97119140625,-0.1530946046113968,0.34542152285575867,-0.9258757829666138,-0.8523129224777222,-0.5203208327293396,-0.053188011050224304,-0.5001247525215149,0.7809931039810181,0.3740655481815338
300,1650641115.867001,35.92428970336914,102.09121704101562,1026.7618408203125,-0.09714226424694061,0.8135527968406677,0.5733194947242737,-0.603061318397522,-0.5063687562942505,0.6163665652275085,0.7917578220367432,-0.28587156534194946,0.5398120284080505
4,1650641115.867012,-44.843101501464844,3.0675156116485596,1062.61376953125,-0.14684946835041046,0.34586673974990845,-0.9267207980155945,-0.8552407622337341,-0.515116810798645,-0.05672701448202133,-0.4969894289970398,0.7842390537261963,0.3714439570903778
300,1650641115.896583,35.9210319519043,102.0863265991211,1026.7613525390625,-0.09713658690452576,0.8135235905647278,0.573361873626709,-0.6030662059783936,-0.5063961744308472,0.6163392663002014,0.7917547821998596,-0.2859060764312744,0.5397982001304626
4,1650641115.89659,-43.646095275878906,2.615424156188965,1063.61181640625,-0.13974785804748535,0.3442881405353546,-0.9284051656723022,-0.8591897487640381,-0.5082276463508606,-0.05914102867245674,-0.4922027587890625,0.7894113659858704,0.36683258414268494
300,1650641115.9262178,35.921730041503906,102.08642578125,1026.765625,-0.09715332090854645,0.8135078549385071,0.5733813643455505,-0.6030289530754089,-0.5064330101013184,0.6163454055786133,0.7917811274528503,-0.2858855724334717,0.5397704243659973
4,1650641115.9262247,-42.56319808959961,2.124359607696533,1064.6849365234375,-0.1332828551530838,0.3431123197078705,-0.9297900795936584,-0.8634412884712219,-0.5007458329200745,-0.06101393699645996,-0.4865231513977051,0.7946870923042297,0.36299818754196167
300,1650641115.9569683,35.92781448364258,102.08625030517578,1026.7645263671875,-0.0971883162856102,0.813587486743927,0.5732623934745789,-0.6029610633850098,-0.5063855051994324,0.6164509057998657,0.7918285131454468,-0.2857430875301361,0.5397763252258301
4,1650641115.956976,-41.48168182373047,1.5320422649383545,1065.935546875,-0.12721672654151917,0.33797597885131836,-0.9325171113014221,-0.8672491908073425,-0.49414995312690735,-0.06078411266207695,-0.48134684562683105,0.8009918928146362,0.3559735417366028
300,1650641115.9867918,35.92369842529297,102.08651733398438,1026.7691650390625,-0.09720270335674286,0.8135573863983154,0.573302686214447,-0.602994978427887,-0.5064111948013306,0.6163966059684753,0.7918009161949158,-0.28578323125839233,0.5397955775260925
4,1650641115.986799,-40.678955078125,1.0829854011535645,1066.9158935546875,-0.12301379442214966,0.33327504992485046,-0.9347702264785767,-0.8703892230987549,-0.4887307286262512,-0.05970650911331177,-0.47674959897994995,0.8062692284584045,0.3501996397972107
300,1650641116.0189953,35.91854476928711,102.08317565917969,1026.768310546875,-0.09717335551977158,0.813589334487915,0.5732623338699341,-0.6030085682868958,-0.5063605308532715,0.6164249181747437,0.7917941808700562,-0.28578200936317444,0.5398061275482178
4,1650641116.0190027,-40.159427642822266,0.9037059545516968,1067.3944091796875,-0.1195971816778183,0.33492374420166016,-0.9346243143081665,-0.8722883462905884,-0.48502135276794434,-0.06218748539686203,-0.47414082288742065,0.8078244924545288,0.3501572608947754
300,1650641116.0485592,35.919151306152344,102.08351135253906,1026.771240234375,-0.09716378152370453,0.8135775923728943,0.5732806921005249,-0.6029672026634216,-0.5063844323158264,0.6164457201957703,0.7918268442153931,-0.28577324748039246,0.5397628545761108
4,1650641116.0485675,-39.85398864746094,0.8098457455635071,1067.6766357421875,-0.11781627684831619,0.33407577872276306,-0.9351538419723511,-0.873167097568512,-0.4833747446537018,-0.06267471611499786,-0.47296786308288574,0.8091614246368408,0.3486533761024475
300,1650641116.0787206,35.91581726074219,102.0812759399414,1026.772216796875,-0.09718748182058334,0.8136306405067444,0.5732013583183289,-0.603019118309021,-0.5063178539276123,0.6164496541023254,0.791784405708313,-0.2857401967048645,0.5398426055908203
4,1650641116.0787282,-39.72938919067383,0.7822287082672119,1067.7552490234375,-0.11695604771375656,0.33318573236465454,-0.935579240322113,-0.8733559846878052,-0.48301228880882263,-0.06283652037382126,-0.4728325307369232,0.809744656085968,0.34748098254203796
300,1650641116.1084723,35.91438293457031,102.0853042602539,1026.7740478515625,-0.09716852754354477,0.8135200142860413,0.5733615159988403,-0.6030276417732239,-0.5064262747764587,0.6163522005081177,0.7917802333831787,-0.2858628034591675,0.539783775806427
4,1650641116.1084795,-39.57695388793945,0.8685330152511597,1067.7291259765625,-0.11611814796924591,0.33311784267425537,-0.9357078075408936,-0.8733760118484497,-0.4828857183456421,-0.06352736800909042,-0.47300204634666443,0.8098480701446533,0.34700891375541687
300,1650641116.1381376,35.915103912353516,102.0886001586914,1026.77783203125,-0.09713149070739746,0.8135030269622803,0.5733919143676758,-0.6030951142311096,-0.5064058899879456,0.616303026676178,0.7917333841323853,-0.28594744205474854,0.5398076772689819
4,1650641116.1381447,-39.32827377319336,1.0252364873886108,1067.6318359375,-0.11447591334581375,0.3340255618095398,-0.9355865716934204,-0.8730870485305786,-0.4831233322620392,-0.06565732508897781,-0.47393491864204407,0.8093323111534119,0.3469393849372864
300,1650641116.1703095,35.91847229003906,102.0904769897461,1026.7862548828125,-0.09715864062309265,0.813406229019165,0.5735246539115906,-0.6031283736228943,-0.5065084099769592,0.6161862015724182,0.7917047142982483,-0.28604117035865784,0.5398000478744507
4,1650641116.1703165,-38.98461151123047,1.2364323139190674,1067.51123046875,-0.11217238754034042,0.33529719710350037,-0.9354106783866882,-0.8729636073112488,-0.48296114802360535,-0.06843315809965134,-0.47471246123313904,0.808903157711029,0.34687715768814087
300,1650641116.200458,35.918739318847656,102.08643341064453,1026.782470703125,-0.09718433022499084,0.8135601282119751,0.5733019709587097,-0.6030200123786926,-0.5063920617103577,0.6163877844810486,0.7917841076850891,-0.28580930829048157,0.5398064255714417
4,1650641116.2004652,-38.591339111328125,1.4792449474334717,1067.3836669921875,-0.10941388458013535,0.3369321823120117,-0.9351499080657959,-0.8729139566421509,-0.4825712740421295,-0.07173705846071243,-0.47544699907302856,0.8084563612937927,0.34691280126571655
300,1650641116.2306774,35.92092514038086,102.08563995361328,1026.779541015625,-0.09717464447021484,0.8135290145874023,0.5733477473258972,-0.6030879020690918,-0.5063972473144531,0.6163171529769897,0.7917336225509644,-0.285888671875,0.5398384928703308
4,1650641116.2306838,-38.11479568481445,1.6483975648880005,1067.38720703125,-0.10608316212892532,0.3371625542640686,-0.935450553894043,-0.8729463815689087,-0.48205482959747314,-0.07475105673074722,-0.47614172101020813,0.8086683750152588,0.34546273946762085
300,1650641116.260844,35.91914367675781,102.08432006835938,1026.7828369140625,-0.09718529880046844,0.8134596347808838,0.5734443664550781,-0.6030128598213196,-0.5065031051635742,0.616303563117981,0.7917894124984741,-0.28589871525764465,0.5397512912750244
4,1650641116.2608519,-37.630123138427734,1.7774933576583862,1067.4359130859375,-0.10331004112958908,0.3372778296470642,-0.93571937084198,-0.8731290102005005,-0.48135316371917725,-0.07710298895835876,-0.47641658782958984,0.8090381622314453,0.34421566128730774
300,1650641116.2904985,35.91551208496094,102.08467102050781,1026.7828369140625,-0.09718640893697739,0.8135308027267456,0.5733432173728943,-0.6030557751655579,-0.5064114928245544,0.6163368225097656,0.7917566299438477,-0.2858583927154541,0.5398207902908325
4,1650641116.2905054,-37.1689567565918,1.9839632511138916,1067.3775634765625,-0.10020431876182556,0.33872655034065247,-0.9355337619781494,-0.8732772469520569,-0.48053571581840515,-0.0804503858089447,-0.4768080711364746,0.8089188933372498,0.343953937292099
300,1650641116.3229756,35.91936492919922,102.08723449707031,1026.77587890625,-0.09722406417131424,0.8135776519775391,0.573270320892334,-0.6030588746070862,-0.5063745975494385,0.6163641214370728,0.7917495965957642,-0.285790354013443,0.5398670434951782
4,1650641116.322983,-36.633670806884766,2.307722568511963,1067.208251953125,-0.09615714102983475,0.3414701819419861,-0.9349609017372131,-0.8731433749198914,-0.47991102933883667,-0.08547557890415192,-0.4778853952884674,0.8081358671188354,0.3442992866039276
300,1650641116.3525543,35.92142868041992,102.08360290527344,1026.77001953125,-0.09721468389034271,0.8135979771614075,0.5732430815696716,-0.6030410528182983,-0.5063555836677551,0.6163972020149231,0.7917643785476685,-0.28576627373695374,0.5398581624031067
4,1650641116.352562,-36.2596435546875,2.5498478412628174,1067.0625,-0.09363638609647751,0.342985063791275,-0.9346622228622437,-0.872893214225769,-0.47979605197906494,-0.0886184498667717,-0.4788420498371124,0.8075623512268066,0.34431570768356323
300,1650641116.3824432,35.914737701416016,102.08576965332031,1026.7744140625,-0.09720367193222046,0.8134880661964417,0.5734009146690369,-0.6031463146209717,-0.5064314603805542,0.6162318587303162,0.7916855216026306,-0.2859446704387665,0.539879322052002
4,1650641116.3824503,-36.069210052490234,2.7310032844543457,1066.9022216796875,-0.09233257919549942,0.34331950545310974,-0.9346691370010376,-0.8725084066390991,-0.4802021384239197,-0.09019427746534348,-0.47979557514190674,0.807178795337677,0.34388744831085205
300,1650641116.4141676,35.9017219543457,102.09100341796875,1026.7772216796875,-0.09720797836780548,0.8135761022567749,0.5732752680778503,-0.6030876636505127,-0.5063596367835999,0.6163482069969177,0.7917296290397644,-0.2858212888240814,0.5398799180984497
4,1650641116.4141738,-36.042579650878906,2.870790958404541,1066.7486572265625,-0.09241478890180588,0.34272903203964233,-0.9348776936531067,-0.8719053268432617,-0.48128560185432434,-0.09025094658136368,-0.48087480664253235,0.8067843317985535,0.34330517053604126
300,1650641116.4445665,35.889713287353516,102.09188079833984,1026.765869140625,-0.0972134992480278,0.8135859370231628,0.5732603669166565,-0.6030756235122681,-0.5063555836677551,0.6163634061813354,0.7917381525039673,-0.2858005166053772,0.5398784279823303
4,1650641116.4445739,-36.164268493652344,3.007765531539917,1066.510498046875,-0.09266385436058044,0.342844158411026,-0.9348108172416687,-0.870952308177948,-0.48291000723838806,-0.09077459573745728,-0.48255103826522827,0.8057641386985779,0.3433492183685303
300,1650641116.474809,35.877601623535156,102.09822845458984,1026.7593994140625,-0.09721826761960983,0.8135501742362976,0.5733103156089783,-0.6030765771865845,-0.5063955187797546,0.6163296103477478,0.7917368412017822,-0.2858315110206604,0.5398639440536499
4,1650641116.4748178,-36.3347053527832,3.1307098865509033,1066.2579345703125,-0.09368278086185455,0.3433382511138916,-0.9345278739929199,-0.8701966404914856,-0.484286367893219,-0.09068920463323593,-0.4837161898612976,0.8047270178794861,0.34414106607437134
300,1650641116.5047076,35.883811950683594,102.10018920898438,1026.754638671875,-0.09723570942878723,0.8135473728179932,0.5733113288879395,-0.603111982345581,-0.5063925385475159,0.6162974238395691,0.7917077541351318,-0.2858448028564453,0.5398995876312256
4,1650641116.5047145,-36.5450553894043,3.1925511360168457,1066.076904296875,-0.09437412023544312,0.3440204858779907,-0.9342073798179626,-0.8696485757827759,-0.4852421283721924,-0.09083732962608337,-0.48456668853759766,0.8038594126701355,0.3449712097644806
300,1650641116.534292,35.89330291748047,102.10276794433594,1026.752685546875,-0.09722787141799927,0.8134929537773132,0.5733898878097534,-0.60319983959198,-0.5064163208007812,0.6161919236183167,0.7916417717933655,-0.2859576642513275,0.5399365425109863
4,1650641116.5342987,-36.71211242675781,3.171086072921753,1065.9991455078125,-0.0957837849855423,0.3450162708759308,-0.9336965680122375,-0.8694853782653809,-0.48564279079437256,-0.09025637805461884,-0.48458293080329895,0.8031904101371765,0.3465033173561096
300,1650641116.5662084,35.896610260009766,102.10064697265625,1026.7496337890625,-0.09722995012998581,0.8135461807250977,0.5733139514923096,-0.6031298637390137,-0.506385087966919,0.616286039352417,0.7916948199272156,-0.2858613133430481,0.5399097800254822
4,1650641116.5662155,-36.78041458129883,3.0592033863067627,1066.05810546875,-0.09685932099819183,0.3439675569534302,-0.9339724779129028,-0.869744598865509,-0.4854840338230133,-0.08859778195619583,-0.4839034974575043,0.8037360310554504,0.3461875915527344
300,1650641116.5966496,35.90155792236328,102.09553527832031,1026.75927734375,-0.09724078327417374,0.8135197162628174,0.5733497738838196,-0.6030189394950867,-0.5064578652381897,0.6163347959518433,0.7917779684066772,-0.28580787777900696,0.53981614112854
4,1650641116.5966566,-36.786033630371094,2.963850498199463,1066.1668701171875,-0.09707063436508179,0.34371253848075867,-0.9340444207191467,-0.869946300983429,-0.4852061867713928,-0.08813843131065369,-0.4834984242916107,0.8040128350257874,0.3461107313632965
300,1650641116.6270392,35.914337158203125,102.09033203125,1026.7733154296875,-0.09723886102437973,0.8135488629341125,0.5733086466789246,-0.6031707525253296,-0.5063709020614624,0.6162576675415039,0.7916625738143921,-0.2858788073062897,0.5399478077888489
4,1650641116.6270463,-36.775596618652344,2.9391629695892334,1066.202880859375,-0.09702114015817642,0.34398457407951355,-0.9339494109153748,-0.8701283931732178,-0.4848698675632477,-0.08819204568862915,-0.48318061232566833,0.8040993809700012,0.34635335206985474
300,1650641116.6567807,35.92559814453125,102.07486724853516,1026.777099609375,-0.09723718464374542,0.8135836720466614,0.5732595920562744,-0.6030445694923401,-0.5063784718513489,0.6163750290870667,0.7917589545249939,-0.28576648235321045,0.539866030216217
4,1650641116.6567893,-36.754066467285156,2.999941349029541,1066.10888671875,-0.09700679779052734,0.3448863625526428,-0.9336182475090027,-0.8700494170188904,-0.48491352796554565,-0.0887293666601181,-0.48332566022872925,0.8036866784095764,0.3471080958843231
300,1650641116.6866164,35.94362258911133,102.06391143798828,1026.7896728515625,-0.0972086638212204,0.8134849667549133,0.5734044909477234,-0.6031603813171387,-0.5064316391944885,0.6162179112434387,0.7916741967201233,-0.285953164100647,0.5398914217948914
4,1650641116.6866233,-36.80377960205078,3.096045970916748,1065.93408203125,-0.0968514010310173,0.34585222601890564,-0.9332770705223083,-0.8695857524871826,-0.48556646704673767,-0.08969859033823013,-0.4841904938220978,0.8028770089149475,0.347775936126709
300,1650641116.718994,35.97517776489258,102.02958679199219,1026.8214111328125,-0.09721300005912781,0.8136045932769775,0.5732340216636658,-0.6029928922653198,-0.5063652396202087,0.6164364218711853,0.7918012738227844,-0.28573039174079895,0.539823055267334
4,1650641116.7190008,-36.9441032409668,3.1606788635253906,1065.759521484375,-0.09791361540555954,0.3470163941383362,-0.9327338933944702,-0.8690420389175415,-0.48652395606040955,-0.08977988362312317,-0.48495247960090637,0.8017942905426025,0.34920912981033325
300,1650641116.748694,35.976261138916016,102.01292419433594,1026.8323974609375,-0.09719274193048477,0.8136220574378967,0.5732126235961914,-0.6030012369155884,-0.5063354969024658,0.6164526343345642,0.7917973399162292,-0.2857331931591034,0.539827287197113
4,1650641116.748701,-37.118412017822266,3.2044219970703125,1065.59228515625,-0.09869275987148285,0.34798285365104675,-0.9322916269302368,-0.8685738444328308,-0.48732784390449524,-0.08995016664266586,-0.4856327772140503,0.8008866906166077,0.35034453868865967
300,1650641116.7789235,35.937049865722656,102.02604675292969,1026.815673828125,-0.09722864627838135,0.8135362267494202,0.5733283758163452,-0.6029502153396606,-0.5064601898193359,0.6164001226425171,0.7918318510055542,-0.2857567071914673,0.5397642254829407
4,1650641116.7789314,-37.40919876098633,3.196721076965332,1065.4476318359375,-0.09988924115896225,0.3486173748970032,-0.9319270849227905,-0.8683905005455017,-0.4877588450908661,-0.08938289433717728,-0.4857161045074463,0.8003482222557068,0.3514578640460968
300,1650641116.808576,35.896419525146484,102.05226135253906,1026.78759765625,-0.09728153795003891,0.8136405348777771,0.5731713771820068,-0.6030564904212952,-0.5063302516937256,0.6164029240608215,0.7917444109916687,-0.2856900691986084,0.5399277806282043
4,1650641116.8085835,-37.81736373901367,3.061389923095703,1065.465576171875,-0.10270733386278152,0.3477843105792999,-0.9319320321083069,-0.8684344291687012,-0.48820340633392334,-0.08648151159286499,-0.4850492775440216,0.8004395961761475,0.352169930934906
300,1650641116.8390925,35.882320404052734,102.06783294677734,1026.7685546875,-0.09731079638004303,0.8135595321655273,0.5732813477516174,-0.603122889995575,-0.50640469789505,0.6162768006324768,0.7916902303695679,-0.28578871488571167,0.5399550199508667
4,1650641116.8391,-38.2951774597168,2.8430702686309814,1065.5009765625,-0.10505656898021698,0.3470674157142639,-0.9319373965263367,-0.8684169054031372,-0.48865288496017456,-0.08408567309379578,-0.4845772981643677,0.8004764914512634,0.35273540019989014
300,1650641116.8702147,35.907623291015625,102.06803894042969,1026.7508544921875,-0.09731286764144897,0.813532829284668,0.5733188986778259,-0.6032930016517639,-0.5063727498054504,0.6161364912986755,0.7915603518486023,-0.28592124581336975,0.5400752425193787
4,1650641116.8702223,-38.77827453613281,2.516368865966797,1065.657958984375,-0.10894954204559326,0.34600746631622314,-0.9318845868110657,-0.8689969778060913,-0.48835209012031555,-0.07972729206085205,-0.4826740026473999,0.8011186718940735,0.3538851737976074
300,1650641116.9006174,35.91630554199219,102.05198669433594,1026.7496337890625,-0.09730333834886551,0.8136436343193054,0.5731632113456726,-0.6031463742256165,-0.5063028931617737,0.6163374781608582,0.7916732430458069,-0.28572961688041687,0.5400111675262451
4,1650641116.9006248,-39.1931266784668,2.0470521450042725,1065.9705810546875,-0.11230628937482834,0.34209534525871277,-0.9329298138618469,-0.8695853352546692,-0.4881574511528015,-0.07432123273611069,-0.48084160685539246,0.8029153347015381,0.35230425000190735
300,1650641116.931119,35.903663635253906,102.0438003540039,1026.7503662109375,-0.09733876585960388,0.813514769077301,0.573340117931366,-0.6032512784004211,-0.5064172744750977,0.6161407232284546,0.7915889620780945,-0.2858937978744507,0.5400478839874268
4,1650641116.931126,-39.583980560302734,1.5092644691467285,1066.372314453125,-0.11628332734107971,0.33671119809150696,-0.934400200843811,-0.8703616857528687,-0.4877708852291107,-0.06745435297489166,-0.4784858524799347,0.805422306060791,0.3497801423072815
300,1650641116.960352,35.895816802978516,102.03693389892578,1026.7528076171875,-0.09735281765460968,0.8135712742805481,0.573257565498352,-0.6031479835510254,-0.5063993334770203,0.616256594657898,0.7916659116744995,-0.2857648432254791,0.54000324010849
4,1650641116.9603605,-39.84617614746094,1.0176666975021362,1066.827392578125,-0.11897583305835724,0.3305816948413849,-0.9362480640411377,-0.8708426356315613,-0.4876948595046997,-0.06153685599565506,-0.47694632411003113,0.8080033659934998,0.3459085524082184
300,1650641116.9901896,35.903419494628906,102.0337142944336,1026.7333984375,-0.09745649993419647,0.8134911060333252,0.5733537077903748,-0.6032547354698181,-0.5064871907234192,0.6160799264907837,0.791571855545044,-0.2858373522758484,0.5401028394699097
4,1650641116.9901965,-40.01411056518555,0.6712756156921387,1067.110595703125,-0.12108217924833298,0.32202666997909546,-0.9389557838439941,-0.8710541129112244,-0.4880900979042053,-0.055070649832487106,-0.47602924704551697,0.8112131953239441,0.33960166573524475
300,1650641117.0227294,35.91372299194336,102.02946472167969,1026.6973876953125,-0.0975339412689209,0.8135747909545898,0.573221743106842,-0.6033653020858765,-0.5063873529434204,0.6160537600517273,0.7914780378341675,-0.28577592968940735,0.5402727723121643
4,1650641117.022736,-40.138336181640625,0.8286396265029907,1066.8187255859375,-0.12057375907897949,0.3208721876144409,-0.9394162893295288,-0.8699218034744263,-0.49003157019615173,-0.055723704397678375,-0.4782238304615021,0.810499906539917,0.33821865916252136
300,1650641117.0522273,35.91014099121094,102.03137969970703,1026.7027587890625,-0.097532257437706,0.8135138750076294,0.5733084678649902,-0.6033980846405029,-0.5064403414726257,0.6159780621528625,0.7914532423019409,-0.2858555018901825,0.5402669906616211
4,1650641117.0522356,-40.004539489746094,1.3968462944030762,1066.1580810546875,-0.11859752982854843,0.3245275318622589,-0.9384117126464844,-0.868198812007904,-0.49250268936157227,-0.06059647724032402,-0.4818355143070221,0.8075413107872009,0.3401640057563782
300,1650641117.0831497,35.89151382446289,102.011962890625,1026.69970703125,-0.09754236787557602,0.813578724861145,0.5732147097587585,-0.6034342050552368,-0.5063615441322327,0.6160074472427368,0.7914244532585144,-0.28581053018569946,0.5403329133987427
4,1650641117.0831568,-39.88558578491211,2.0059924125671387,1065.37353515625,-0.11685457080602646,0.32803475856781006,-0.9374103546142578,-0.8660553097724915,-0.49564114212989807,-0.06548358500003815,-0.4861000180244446,0.8041971921920776,0.3420141637325287
300,1650641117.1149397,35.8892707824707,102.00244140625,1026.691162109375,-0.0976448506116867,0.8135998845100403,0.5731672644615173,-0.6034066677093506,-0.5063884854316711,0.6160122752189636,0.791432797908783,-0.28570249676704407,0.5403778553009033
4,1650641117.114947,-39.913246154785156,2.57012939453125,1064.60107421875,-0.11573825031518936,0.3321310877799988,-0.9361055493354797,-0.8639450073242188,-0.4986810088157654,-0.07011599838733673,-0.4901057779788971,0.8006286025047302,0.3446594476699829
300,1650641117.1445608,35.902400970458984,102.00494384765625,1026.683837890625,-0.0976538434624672,0.8135420680046082,0.5732478499412537,-0.6034182906150818,-0.5064499378204346,0.615950345993042,0.7914228439331055,-0.28575828671455383,0.5403628945350647
4,1650641117.144568,-39.97119140625,2.869046926498413,1064.18603515625,-0.11525611579418182,0.3338322639465332,-0.9355597496032715,-0.862769603729248,-0.5004056692123413,-0.07226911187171936,-0.4922851622104645,0.7988430261611938,0.3456951379776001
300,1650641117.1747284,35.90324783325195,102.00039672851562,1026.6690673828125,-0.09771056473255157,0.8136101365089417,0.5731414556503296,-0.6034114360809326,-0.5064011812210083,0.6159971356391907,0.7914210557937622,-0.28565067052841187,0.5404224395751953
4,1650641117.1747355,-40.01042556762695,2.890669107437134,1064.05712890625,-0.11561448127031326,0.33224934339523315,-0.9360789060592651,-0.8621295094490051,-0.5016093850135803,-0.07155885547399521,-0.49332135915756226,0.7987480163574219,0.34443527460098267
300,1650641117.204374,35.89371871948242,102.00007629394531,1026.668212890625,-0.09776252508163452,0.8134557604789734,0.5733517408370972,-0.6035143136978149,-0.5065500736236572,0.6157738566398621,0.791336178779602,-0.2858263850212097,0.5404538512229919
4,1650641117.2043812,-40.018287658691406,2.817856550216675,1064.0897216796875,-0.11558971554040909,0.33226898312568665,-0.93607497215271,-0.8622483015060425,-0.5014124512672424,-0.07150790840387344,-0.4931195080280304,0.7988634705543518,0.3444564938545227
300,1650641117.2346406,35.882720947265625,101.99332427978516,1026.673583984375,-0.09770533442497253,0.8134980797767639,0.5733014941215515,-0.6035207509994507,-0.5064801573753357,0.6158250570297241,0.791338324546814,-0.28582996129989624,0.540448784828186
4,1650641117.2346475,-40.03995895385742,2.646763324737549,1064.29052734375,-0.11581401526927948,0.33184656500816345,-0.9361971020698547,-0.8630664944648743,-0.500143826007843,-0.07051488012075424,-0.4916333258152008,0.7998337149620056,0.3443293273448944
300,1650641117.2667315,35.884544372558594,101.9893798828125,1026.6787109375,-0.0977468192577362,0.8134514093399048,0.5733605623245239,-0.6035463809967041,-0.5065370798110962,0.6157531142234802,0.791313648223877,-0.2858618199825287,0.5404680371284485
4,1650641117.266739,-40.23102951049805,2.4020276069641113,1064.456298828125,-0.11709023267030716,0.332474023103714,-0.9358156323432922,-0.8639241456985474,-0.4988539218902588,-0.0691363587975502,-0.48982134461402893,0.8003785014152527,0.3456432521343231
300,1650641117.2964745,35.88597869873047,101.99401092529297,1026.68408203125,-0.09778697788715363,0.8135092258453369,0.5732717514038086,-0.6035270094871521,-0.5064976215362549,0.6158046126365662,0.7913234829902649,-0.2857673168182373,0.5405036211013794
4,1650641117.2964811,-40.3693733215332,2.134810209274292,1064.659912109375,-0.11887317895889282,0.3304571807384491,-0.9363051056861877,-0.8645966649055481,-0.49810874462127686,-0.06603216379880905,-0.4882025718688965,0.8016768097877502,0.3449239432811737
300,1650641117.327127,35.888309478759766,101.99822998046875,1026.6802978515625,-0.09776877611875534,0.8134704232215881,0.5733298659324646,-0.6034643650054932,-0.5065548419952393,0.615818977355957,0.7913734912872314,-0.2857762575149536,0.5404256582260132
4,1650641117.327134,-40.568389892578125,1.8821463584899902,1064.9111328125,-0.12024733424186707,0.32883623242378235,-0.9367002248764038,-0.8650915622711182,-0.49756330251693726,-0.06361895799636841,-0.4869878888130188,0.8026814460754395,0.3443041145801544
300,1650641117.3570209,35.88472366333008,101.9949722290039,1026.6759033203125,-0.09779226779937744,0.8135705590248108,0.5731837749481201,-0.6034841537475586,-0.5064492225646973,0.615886390209198,0.7913554906845093,-0.2856783866882324,0.540503740310669
4,1650641117.3570282,-40.78169250488281,1.687076449394226,1065.0538330078125,-0.1217828318476677,0.3270624876022339,-0.9371227622032166,-0.8653404712677002,-0.49743929505348206,-0.06115540489554405,-0.48616331815719604,0.8034825921058655,0.34359997510910034
300,1650641117.3869808,35.877864837646484,101.99758911132812,1026.6751708984375,-0.09781858325004578,0.8134373426437378,0.5733683109283447,-0.6035460233688354,-0.5065801739692688,0.6157180666923523,0.7913050651550293,-0.2858254909515381,0.5404998064041138
4,1650641117.3869927,-41.01706314086914,1.5317466259002686,1065.1129150390625,-0.12376433610916138,0.3248928189277649,-0.9376177191734314,-0.8651444911956787,-0.49811065196990967,-0.05840178579092026,-0.48601171374320984,0.8039467930793762,0.34272757172584534
300,1650641117.418463,35.8802375793457,101.99378967285156,1026.6739501953125,-0.09780136495828629,0.8135547041893005,0.5732046961784363,-0.6034157276153564,-0.5064944624900818,0.6159161925315857,0.7914065718650818,-0.2856433093547821,0.5404475927352905
4,1650641117.4184701,-41.28619384765625,1.511417269706726,1065.0020751953125,-0.12545809149742126,0.3247390687465668,-0.937445878982544,-0.8647070527076721,-0.499015748500824,-0.05713973566889763,-0.4863557815551758,0.8034474849700928,0.3434097170829773
300,1650641117.4490016,35.88420104980469,101.99617767333984,1026.6767578125,-0.09779170155525208,0.8134058117866516,0.573417603969574,-0.6035229563713074,-0.5066119432449341,0.6157145500183105,0.7913259863853455,-0.2858589291572571,0.5404515266418457
4,1650641117.449009,-41.577850341796875,1.5914945602416992,1064.7652587890625,-0.12703752517700195,0.32557713985443115,-0.9369423389434814,-0.8638947606086731,-0.500462532043457,-0.05677201971411705,-0.4873882234096527,0.8022074103355408,0.3448418974876404
300,1650641117.4789975,35.8834228515625,101.99994659423828,1026.671630859375,-0.09785853326320648,0.8133864402770996,0.5734337568283081,-0.6036044359207153,-0.5066292881965637,0.6156204342842102,0.7912555932998657,-0.28588342666625977,0.5405416488647461
4,1650641117.4790049,-41.85034942626953,1.6604335308074951,1064.522216796875,-0.12854069471359253,0.32530882954597473,-0.9368305206298828,-0.8628184199333191,-0.5023950338363647,-0.0560680590569973,-0.48889845609664917,0.8011075854301453,0.3452606499195099
300,1650641117.509034,35.882259368896484,101.99864196777344,1026.6639404296875,-0.09784381091594696,0.8135674595832825,0.5731793642044067,-0.6035496592521667,-0.5064489245414734,0.6158224940299988,0.7912992238998413,-0.28568780422210693,0.540581226348877
4,1650641117.509042,-42.07883834838867,1.802234411239624,1064.18896484375,-0.12987810373306274,0.32662877440452576,-0.9361866116523743,-0.8619668483734131,-0.5038394927978516,-0.05620446428656578,-0.49004578590393066,0.7996620535850525,0.34698089957237244
300,1650641117.5385964,35.88396072387695,101.99225616455078,1026.669677734375,-0.09784950315952301,0.8135228157043457,0.5732417702674866,-0.6035083532333374,-0.5065139532089233,0.615809440612793,0.7913299798965454,-0.2856995165348053,0.5405299663543701
4,1650641117.5386035,-42.233970642089844,1.9920181035995483,1063.8602294921875,-0.13064375519752502,0.32856255769729614,-0.935403048992157,-0.8610188364982605,-0.5053407549858093,-0.05724731460213661,-0.4915066063404083,0.7979206442832947,0.3489181697368622
300,1650641117.5706398,35.88300704956055,101.99116516113281,1026.6708984375,-0.09785747528076172,0.8133532404899597,0.573481023311615,-0.6035579442977905,-0.5066812634468079,0.6156231760978699,0.7912911772727966,-0.28588569164276123,0.5404883623123169
4,1650641117.5706465,-42.388023376464844,2.2098045349121094,1063.489990234375,-0.13077948987483978,0.3317797780036926,-0.9342477917671204,-0.8598618507385254,-0.5070249438285828,-0.05969329550862312,-0.49349191784858704,0.7955173850059509,0.3515932559967041
300,1650641117.6008952,35.874019622802734,101.99100494384766,1026.670654296875,-0.0978541150689125,0.8135289549827576,0.5732322335243225,-0.6035289168357849,-0.5065017342567444,0.6157993674278259,0.7913137674331665,-0.2857036888599396,0.5405515432357788
4,1650641117.6009023,-42.55078125,2.359586238861084,1063.1641845703125,-0.13153520226478577,0.3337258994579315,-0.9334481954574585,-0.8593043088912964,-0.5078753232955933,-0.06048796698451042,-0.4942617118358612,0.7941597104072571,0.35357558727264404
300,1650641117.630235,35.87993240356445,101.99507141113281,1026.6666259765625,-0.09792164713144302,0.8135223388671875,0.5732301473617554,-0.6036182641983032,-0.5065028071403503,0.6157108545303345,0.7912371754646301,-0.2857207655906677,0.5406545400619507
4,1650641117.6302419,-42.705928802490234,2.4420065879821777,1062.8931884765625,-0.1323644518852234,0.33470577001571655,-0.9329800009727478,-0.8585448265075684,-0.5091160535812378,-0.06084080785512924,-0.4953588545322418,0.7929520010948181,0.35474878549575806
300,1650641117.6602604,35.88283157348633,101.9912338256836,1026.6650390625,-0.09792359173297882,0.8135602474212646,0.5731759667396545,-0.6035391688346863,-0.5064913630485535,0.6157978773117065,0.7912973165512085,-0.28563299775123596,0.5406129360198975
4,1650641117.6602674,-42.84115219116211,2.5328845977783203,1062.5496826171875,-0.1325799971818924,0.33715370297431946,-0.9320675730705261,-0.8577185869216919,-0.5102961659431458,-0.06258334964513779,-0.4967307150363922,0.7911543250083923,0.35683804750442505
300,1650641117.690929,35.87712478637695,101.98922729492188,1026.670166015625,-0.09792114049196243,0.8134442567825317,0.5733410120010376,-0.6035542488098145,-0.5066095590591431,0.6156858205795288,0.7912861108779907,-0.2857537567615509,0.5405654907226562
4,1650641117.690936,-43.041419982910156,2.4251227378845215,1062.2381591796875,-0.13347890973091125,0.3378596603870392,-0.9316835403442383,-0.8566735982894897,-0.512005090713501,-0.0629376769065857,-0.4982908070087433,0.7897478342056274,0.35777732729911804
300,1650641117.722487,35.86840057373047,101.98936462402344,1026.6669921875,-0.0979035347700119,0.8133152723312378,0.573526918888092,-0.603660523891449,-0.5067027807235718,0.6155048608779907,0.7912071943283081,-0.2859554886817932,0.540574312210083
4,1650641117.722494,-43.31699752807617,2.0442187786102295,1062.0870361328125,-0.1358090490102768,0.33734431862831116,-0.9315335154533386,-0.855867862701416,-0.5135605931282043,-0.06120245158672333,-0.499045193195343,0.7889577746391296,0.35846832394599915
300,1650641117.7529817,35.86570358276367,101.985107421875,1026.6612548828125,-0.0979304388165474,0.8135000467300415,0.5732603073120117,-0.6035178303718567,-0.5065664052963257,0.6157569885253906,0.7913127541542053,-0.2856714427471161,0.5405700206756592
4,1650641117.7529893,-43.64692306518555,1.960587501525879,1061.9700927734375,-0.13783743977546692,0.33806154131889343,-0.9309754371643066,-0.8556885123252869,-0.5140060186386108,-0.05995834618806839,-0.49879658222198486,0.7883604764938354,0.3601246476173401
300,1650641117.7826273,35.87200164794922,101.99015045166016,1026.66015625,-0.09794940799474716,0.8135702610015869,0.5731573700904846,-0.6035839319229126,-0.5064744353294373,0.6157678365707397,0.7912599444389343,-0.28563448786735535,0.5406668186187744
4,1650641117.7826345,-43.900150299072266,1.9483317136764526,1061.9117431640625,-0.1395959109067917,0.3387433886528015,-0.9304654002189636,-0.8555023670196533,-0.5144340395927429,-0.05893447995185852,-0.4986267387866974,0.7877883911132812,0.3616086542606354
300,1650641117.8148677,35.872650146484375,101.98741149902344,1026.65673828125,-0.09796664118766785,0.813504159450531,0.5732482075691223,-0.6035791635513306,-0.5065538287162781,0.6157072186470032,0.7912614941596985,-0.28568190336227417,0.5406395792961121
4,1650641117.8148754,-44.1609992980957,1.8734546899795532,1061.8419189453125,-0.1408182978630066,0.33853280544281006,-0.9303578734397888,-0.8551399111747742,-0.515140950679779,-0.058012913912534714,-0.4989047348499298,0.7874168753623962,0.3620342016220093
300,1650641117.844551,35.86835861206055,101.98681640625,1026.66357421875,-0.09802433103322983,0.8135624527931213,0.5731555819511414,-0.6035833358764648,-0.5065121054649353,0.6157374978065491,0.7912511229515076,-0.28558993339538574,0.540703296661377
4,1650641117.8445585,-44.26277542114258,1.6544625759124756,1061.466552734375,-0.14170944690704346,0.34030044078826904,-0.9295773506164551,-0.8543800711631775,-0.5163149833679199,-0.05876702815294266,-0.49995315074920654,0.7858844995498657,0.3639126420021057
300,1650641117.8748121,35.86124038696289,101.9848403930664,1026.6669921875,-0.09795664250850677,0.8134967684745789,0.573260486125946,-0.6035474538803101,-0.5065694451332092,0.6157255172729492,0.7912869453430176,-0.2856754660606384,0.5406057238578796
4,1650641117.87482,-44.271183013916016,1.4016823768615723,1061.0682373046875,-0.14127159118652344,0.3421170711517334,-0.9289770126342773,-0.8530906438827515,-0.518173098564148,-0.06109773367643356,-0.5022734999656677,0.7838702201843262,0.3650600016117096
300,1650641117.9046452,35.86360549926758,101.984130859375,1026.671142578125,-0.09797599166631699,0.8133650422096252,0.5734439492225647,-0.603646993637085,-0.5066823363304138,0.6155349612236023,0.7912085652351379,-0.2858501076698303,0.5406280755996704
4,1650641117.9046528,-44.186927795410156,1.325835108757019,1060.764404296875,-0.1398649662733078,0.34431901574134827,-0.9283761382102966,-0.8511491417884827,-0.520889163017273,-0.06495869159698486,-0.5059475898742676,0.7811010479927063,0.3659209907054901
300,1650641117.9341602,35.87181854248047,101.98307037353516,1026.6646728515625,-0.09799470752477646,0.8134672045707703,0.5732958316802979,-0.6034125089645386,-0.5066645741462708,0.615779459476471,0.7913851141929626,-0.2855907678604126,0.5405067801475525
4,1650641117.9341671,-44.12009811401367,1.5857595205307007,1060.579345703125,-0.13790439069271088,0.34690314531326294,-0.9277071952819824,-0.8495501279830933,-0.5229412913322449,-0.06926029175519943,-0.509162962436676,0.7785824537277222,0.36682751774787903
300,1650641117.9671261,35.87114715576172,101.99007415771484,1026.6629638671875,-0.09801244735717773,0.8136757016181946,0.5729968547821045,-0.6035828590393066,-0.5063859820365906,0.6158416867256165,0.7912529706954956,-0.2854909300804138,0.5407528877258301
4,1650641117.9671326,-44.1143913269043,1.741803765296936,1060.4781494140625,-0.13766337931156158,0.3479168117046356,-0.9273632764816284,-0.8488755226135254,-0.5238667726516724,-0.07052575051784515,-0.5103519558906555,0.7775072455406189,0.3674553632736206
300,1650641117.9965076,35.87016296386719,101.9858627319336,1026.662353515625,-0.09797585755586624,0.8133901357650757,0.5734084248542786,-0.6035569906234741,-0.5066878795623779,0.6156186461448669,0.7912772297859192,-0.28576892614364624,0.5405704975128174
4,1650641117.9965146,-44.14788055419922,1.7123457193374634,1060.546142578125,-0.13802161812782288,0.3470475673675537,-0.9276357293128967,-0.848822295665741,-0.5240549445152283,-0.0697646290063858,-0.5103437304496765,0.7777688503265381,0.3669126331806183
300,1650641118.0268657,35.8696174621582,101.98420715332031,1026.66259765625,-0.09800807386636734,0.8136721849441528,0.5730025768280029,-0.6034778356552124,-0.5064259767532349,0.6159117221832275,0.7913336157798767,-0.28543004393577576,0.5406669974327087
4,1650641118.0268729,-44.154239654541016,1.589563012123108,1060.7518310546875,-0.13825076818466187,0.34637391567230225,-0.9278533458709717,-0.8492825627326965,-0.5234290361404419,-0.06885591149330139,-0.5095152854919434,0.7784903049468994,0.3665337860584259
300,1650641118.0566194,35.8732795715332,101.99486541748047,1026.6690673828125,-0.0979364812374115,0.8134586811065674,0.5733178853988647,-0.6035828590393066,-0.5065896511077881,0.6156741380691528,0.7912623882293701,-0.2857478857040405,0.5406033396720886
4,1650641118.0566278,-44.16861343383789,1.3656378984451294,1061.0936279296875,-0.13901709020137787,0.34540581703186035,-0.9280996918678284,-0.8501030802726746,-0.5223293900489807,-0.067058265209198,-0.5079360604286194,0.7796581387519836,0.36624327301979065
300,1650641118.086541,35.8792610168457,102.00110626220703,1026.6771240234375,-0.09788072854280472,0.8133814930915833,0.5734369158744812,-0.6035516262054443,-0.5066622495651245,0.6156450510025024,0.7912931442260742,-0.2858389914035797,0.5405101776123047
4,1650641118.0865479,-44.33962631225586,1.0972497463226318,1061.52490234375,-0.14095152914524078,0.34336522221565247,-0.9285650253295898,-0.851076066493988,-0.5211841464042664,-0.06353464722633362,-0.5057689547538757,0.7813241481781006,0.3656916320323944
300,1650641118.1189647,35.88231658935547,102.0050277709961,1026.6815185546875,-0.09790477156639099,0.8135164976119995,0.5732412934303284,-0.603472113609314,-0.5065552592277527,0.6158109903335571,0.791350781917572,-0.2856442928314209,0.5405287146568298
4,1650641118.118973,-44.4927978515625,0.6731036901473999,1062.0662841796875,-0.14271391928195953,0.33943772315979004,-0.9297391176223755,-0.8518904447555542,-0.5203617811203003,-0.05921422690153122,-0.5039002299308777,0.7835851311683655,0.3634265959262848
300,1650641118.1485088,35.88361740112305,102.01130676269531,1026.693359375,-0.09784869849681854,0.8135668039321899,0.5731794238090515,-0.6034640073776245,-0.5064824223518372,0.6158788800239563,0.7913638949394226,-0.2856301963329315,0.5405169129371643
4,1650641118.1485167,-44.691650390625,0.40108707547187805,1062.79833984375,-0.14479345083236694,0.33471137285232544,-0.931130051612854,-0.8533032536506653,-0.5186378955841064,-0.05374252423644066,-0.5009075999259949,0.7867547273635864,0.3607056736946106
300,1650641118.1787436,35.8842887878418,102.01341247558594,1026.697265625,-0.09782180190086365,0.8136615753173828,0.5730494856834412,-0.6034601330757141,-0.5063714981079102,0.6159738302230835,0.791370153427124,-0.2855568528175354,0.5405464768409729
4,1650641118.1787512,-45.029022216796875,0.06970369815826416,1063.5855712890625,-0.14800380170345306,0.32924678921699524,-0.9325724840164185,-0.8548280000686646,-0.5167975425720215,-0.04679113253951073,-0.49735698103904724,0.790263831615448,0.35793736577033997
300,1650641118.2086823,35.88204574584961,102.01729583740234,1026.702880859375,-0.09778095781803131,0.8134719729423523,0.5733255743980408,-0.603446364402771,-0.5065643787384033,0.6158286929130554,0.7913857102394104,-0.2857549488544464,0.5404190421104431
4,1650641118.2086897,-45.314186096191406,-0.5424548983573914,1064.2791748046875,-0.15136900544166565,0.3233743906021118,-0.9340858459472656,-0.8560850024223328,-0.5153104662895203,-0.039668165147304535,-0.4941718876361847,0.7936524152755737,0.3548380136489868
300,1650641118.238335,35.88715362548828,102.02717590332031,1026.7109375,-0.097737617790699,0.8135172724723816,0.5732686519622803,-0.603352963924408,-0.506532609462738,0.615946352481842,0.7914623022079468,-0.28568223118782043,0.5403453707695007
4,1650641118.2383423,-45.69944763183594,-1.076006531715393,1064.9068603515625,-0.15534979104995728,0.31909704208374023,-0.9349029660224915,-0.8570834398269653,-0.5141159892082214,-0.033057063817977905,-0.4911969304084778,0.7961544394493103,0.3533605933189392
300,1650641118.270692,35.89762496948242,102.03267669677734,1026.710205078125,-0.0977063849568367,0.8135742545127869,0.5731931328773499,-0.6033824682235718,-0.5064486265182495,0.6159865260124207,0.7914436459541321,-0.28566887974739075,0.5403797626495361
4,1650641118.2706997,-46.21828079223633,-1.4509367942810059,1065.410400390625,-0.15999972820281982,0.31441056728363037,-0.9357061982154846,-0.8576352000236511,-0.5136045217514038,-0.025928320363163948,-0.4887350797653198,0.7983460426330566,0.35182616114616394
300,1650641118.3001568,35.897247314453125,102.02897644042969,1026.701904296875,-0.09770776331424713,0.8135021328926086,0.5732952356338501,-0.6033223867416382,-0.5065483450889587,0.6159633994102478,0.79148930311203,-0.28569746017456055,0.5402977466583252
4,1650641118.3001645,-46.56946563720703,-1.5773930549621582,1065.4837646484375,-0.16225497424602509,0.3134641647338867,-0.9356353878974915,-0.8575245141983032,-0.5139077305793762,-0.023464307188987732,-0.48818546533584595,0.7985230684280396,0.35218727588653564
300,1650641118.3308187,35.89119338989258,102.03241729736328,1026.706787109375,-0.09763562679290771,0.8134843111038208,0.5733329057693481,-0.603400707244873,-0.5065112709999084,0.6159171462059021,0.7914385199546814,-0.2858140170574188,0.5403105020523071
4,1650641118.3308256,-46.706295013427734,-1.0911380052566528,1065.1864013671875,-0.16309185326099396,0.31577953696250916,-0.9347108602523804,-0.8565693497657776,-0.5154414772987366,-0.02467755414545536,-0.4895814061164856,0.7966199517250061,0.35455137491226196
300,1650641118.3609846,35.89483642578125,102.03881072998047,1026.7210693359375,-0.09756843745708466,0.8134585022926331,0.5733809471130371,-0.6033614873886108,-0.5065270662307739,0.6159425377845764,0.7914766669273376,-0.2858594059944153,0.5402305722236633
4,1650641118.3609924,-46.63209915161133,-0.4093742072582245,1064.4150390625,-0.1620798259973526,0.32254981994628906,-0.9325726628303528,-0.8546445369720459,-0.518303394317627,-0.03073006682097912,-0.4932675361633301,0.7920373678207397,0.359671950340271
300,1650641118.3908637,35.900238037109375,102.0360336303711,1026.71826171875,-0.0975741371512413,0.8135923743247986,0.5731899738311768,-0.6033371686935425,-0.5063942074775696,0.6160755753517151,0.7914944887161255,-0.285713791847229,0.5402815341949463
4,1650641118.3908708,-46.553062438964844,0.2465023696422577,1063.595947265625,-0.16085197031497955,0.3270319402217865,-0.9312232732772827,-0.8520569205284119,-0.5221952795982361,-0.03620990365743637,-0.4981221556663513,0.7876307368278503,0.3626459538936615
300,1650641118.4225185,35.90681457519531,102.04550170898438,1026.725830078125,-0.0974530428647995,0.813474178314209,0.573378324508667,-0.6032925248146057,-0.5064903497695923,0.6160402894020081,0.7915434837341309,-0.28587985038757324,0.5401219129562378
4,1650641118.4225254,-46.68872833251953,1.0958627462387085,1062.5474853515625,-0.1611577868461609,0.33486032485961914,-0.9283839464187622,-0.8490838408470154,-0.5265434980392456,-0.04252772033214569,-0.503075361251831,0.7814221382141113,0.3691810667514801
300,1650641118.4521718,35.90900421142578,102.04105377197266,1026.7200927734375,-0.09737738221883774,0.8135119080543518,0.5733376145362854,-0.6033388376235962,-0.5064037442207336,0.6160661578178406,0.791517436504364,-0.285925954580307,0.5401356220245361
4,1650641118.4521792,-46.74904251098633,1.8211171627044678,1061.552001953125,-0.16138267517089844,0.3404688835144043,-0.9263026118278503,-0.8461062908172607,-0.5308741331100464,-0.04771576449275017,-0.5079958438873291,0.7760499715805054,0.37374675273895264
300,1650641118.4830732,35.91535186767578,102.03946685791016,1026.72998046875,-0.09732481092214584,0.8133652806282043,0.573554515838623,-0.6033093333244324,-0.5065515041351318,0.6159735918045044,0.7915464043617249,-0.2860812842845917,0.540010929107666
4,1650641118.4830804,-46.85479736328125,2.400118112564087,1060.7501220703125,-0.16240981221199036,0.34308913350105286,-0.9251555800437927,-0.8433520197868347,-0.534997284412384,-0.05035166069865227,-0.5122308731079102,0.7720542550086975,0.3762337267398834
300,1650641118.5148294,35.91201400756836,102.03849792480469,1026.738525390625,-0.09726261347532272,0.8135426044464111,0.5733135342597961,-0.6031404733657837,-0.5063978433609009,0.6162651777267456,0.7916827201843262,-0.28584906458854675,0.5399340391159058
4,1650641118.5148363,-47.305355072021484,3.0013742446899414,1059.9957275390625,-0.16405242681503296,0.34929344058036804,-0.9225404858589172,-0.8408070802688599,-0.5385940074920654,-0.0544050931930542,-0.5158780813217163,0.7667533159255981,0.38204604387283325
300,1650641118.5443568,35.911216735839844,102.04039001464844,1026.73974609375,-0.09723522514104843,0.8135343194007874,0.5733299851417542,-0.6031745076179504,-0.5063838362693787,0.6162434220314026,0.7916601896286011,-0.285897433757782,0.5399414896965027
4,1650641118.544364,-47.59403991699219,3.266721248626709,1059.5452880859375,-0.16601437330245972,0.35141581296920776,-0.9213827252388,-0.8390430212020874,-0.5412518978118896,-0.05525530129671097,-0.5181177258491516,0.7639065980911255,0.38470858335494995
300,1650641118.574507,35.915740966796875,102.04061126708984,1026.7398681640625,-0.09722018986940384,0.8134432435035706,0.5734617114067078,-0.6032288670539856,-0.506456196308136,0.6161307096481323,0.7916206121444702,-0.28602829575538635,0.5399302244186401
4,1650641118.5745142,-48.04906463623047,3.470231533050537,1059.0465087890625,-0.1692182719707489,0.3522549867630005,-0.9204789996147156,-0.8373696804046631,-0.5439414381980896,-0.05421941727399826,-0.5197857618331909,0.7616062760353088,0.3870124816894531
300,1650641118.6051078,35.91872787475586,102.03753662109375,1026.7337646484375,-0.09720540791749954,0.8134879469871521,0.5734007954597473,-0.6032130718231201,-0.506408154964447,0.6161856651306152,0.7916344404220581,-0.2859862744808197,0.539932131767273
4,1650641118.6051147,-48.516395568847656,3.693291187286377,1058.65576171875,-0.17169979214668274,0.35343748331069946,-0.919565737247467,-0.8359999060630798,-0.5460864901542664,-0.053793229162693024,-0.521174967288971,0.7595205903053284,0.3892366290092468
300,1650641118.63428,35.912601470947266,102.03543090820312,1026.736572265625,-0.09723353385925293,0.8133995532989502,0.5735214352607727,-0.6031419634819031,-0.5065397620201111,0.6161471605300903,0.791685163974762,-0.2860046625137329,0.5398480296134949
4,1650641118.6342866,-48.878692626953125,3.8035545349121094,1058.410400390625,-0.1735120713710785,0.3544142246246338,-0.9188493490219116,-0.8349902629852295,-0.5476517677307129,-0.05356121063232422,-0.5221923589706421,0.7579367160797119,0.3909566104412079
300,1650641118.666244,35.91204833984375,102.03323364257812,1026.7330322265625,-0.09726355969905853,0.8135172724723816,0.5733493566513062,-0.6031981110572815,-0.5064046382904053,0.6162031888961792,0.7916387319564819,-0.28590911626815796,0.5399667620658875
4,1650641118.6662512,-49.05801010131836,3.877845048904419,1058.255126953125,-0.17498400807380676,0.35473257303237915,-0.9184472560882568,-0.8344677686691284,-0.5485146641731262,-0.052869122475385666,-0.5225362181663513,0.757163405418396,0.3919942080974579
300,1650641118.696707,35.916648864746094,102.0361557006836,1026.7421875,-0.09723971784114838,0.8134887218475342,0.5733939409255981,-0.6032216548919678,-0.5064175724983215,0.6161695122718811,0.7916237115859985,-0.28596746921539307,0.5399578809738159
4,1650641118.6967156,-49.17485809326172,4.028716564178467,1058.089111328125,-0.17490254342556,0.35571637749671936,-0.9180822372436523,-0.8338821530342102,-0.5492978096008301,-0.053966980427503586,-0.523497462272644,0.7561334371566772,0.39269915223121643
300,1650641118.726374,35.91574478149414,102.03301239013672,1026.7232666015625,-0.09725355356931686,0.8135212659835815,0.5733453631401062,-0.60318523645401,-0.5064010620117188,0.6162187457084656,0.7916497588157654,-0.2859039902687073,0.539953351020813
4,1650641118.726381,-49.1683235168457,4.241690158843994,1057.8560791015625,-0.17380867898464203,0.3577515780925751,-0.9174989461898804,-0.8333427906036377,-0.5498578548431396,-0.05653446167707443,-0.5247192978858948,0.754764974117279,0.3936997652053833
300,1650641118.7564878,35.918365478515625,102.03582763671875,1026.7235107421875,-0.09730689227581024,0.8135947585105896,0.5732319951057434,-0.6032233238220215,-0.5063290596008301,0.6162406206130981,0.7916141748428345,-0.28582248091697693,0.5400486588478088
4,1650641118.7564957,-49.02198791503906,4.515578746795654,1057.5606689453125,-0.17312608659267426,0.36056533455848694,-0.9165260195732117,-0.8327928185462952,-0.5504077076911926,-0.059223394840955734,-0.5258169174194336,0.7530232071876526,0.3955661654472351
300,1650641118.7864091,35.91818618774414,102.03062438964844,1026.7342529296875,-0.09733226150274277,0.8134786486625671,0.5733925104141235,-0.603115439414978,-0.5065026879310608,0.6162035465240479,0.7916932702064514,-0.2858453691005707,0.5399205684661865
4,1650641118.786417,-49.0715217590332,4.773935794830322,1057.2734375,-0.17254281044006348,0.3631006181240082,-0.9156346917152405,-0.8320374488830566,-0.551264226436615,-0.06181754171848297,-0.5272026062011719,0.7511762380599976,0.39722999930381775
300,1650641118.8191013,35.90531921386719,102.03008270263672,1026.7342529296875,-0.09737349301576614,0.8135301470756531,0.5733124017715454,-0.603225827217102,-0.5064234137535095,0.6161605715751648,0.7916040420532227,-0.28583914041519165,0.5400546193122864
4,1650641118.8191082,-49.27583694458008,5.018186092376709,1056.9810791015625,-0.1729832887649536,0.36463889479637146,-0.9149400591850281,-0.8309725522994995,-0.5527151823043823,-0.06317034363746643,-0.5287356376647949,0.7493626475334167,0.39861541986465454
300,1650641118.8488915,35.896644592285156,102.029296875,1026.73193359375,-0.09737022966146469,0.8134575486183167,0.5734159350395203,-0.6032534837722778,-0.506490170955658,0.6160786747932434,0.7915834188461304,-0.285927414894104,0.5400381684303284
4,1650641118.8488991,-49.42192840576172,5.139139652252197,1056.722900390625,-0.1738385111093521,0.3654927909374237,-0.9144371151924133,-0.8299753069877625,-0.5541501045227051,-0.06370716542005539,-0.5300199389457703,0.7478854656219482,0.3996826112270355
300,1650641118.8789697,35.9035530090332,102.0284194946289,1026.7373046875,-0.09736038744449615,0.8134597539901733,0.5734144449234009,-0.6032360196113586,-0.5064902901649475,0.6160957217216492,0.7915979027748108,-0.2859209477901459,0.5400203466415405
4,1650641118.8789768,-49.76126480102539,5.273948669433594,1056.4871826171875,-0.17557492852210999,0.3653455376625061,-0.914164125919342,-0.8286322951316833,-0.5562204122543335,-0.06314577162265778,-0.5315467715263367,0.7464190721511841,0.4003954827785492
300,1650641118.9088056,35.90696716308594,102.027587890625,1026.72998046875,-0.09736208617687225,0.8134312033653259,0.573454737663269,-0.6032248735427856,-0.5065256357192993,0.6160774827003479,0.7916061878204346,-0.2859395742416382,0.5399983525276184
4,1650641118.908813,-50.12546157836914,5.399648189544678,1056.2562255859375,-0.17835164070129395,0.3632654547691345,-0.9144555330276489,-0.8270765542984009,-0.558804988861084,-0.06067446619272232,-0.5330432653427124,0.745503306388855,0.400112122297287
300,1650641118.9386952,35.90158462524414,102.02972412109375,1026.7230224609375,-0.09738367795944214,0.8135567903518677,0.5732728838920593,-0.6032499074935913,-0.5063900351524353,0.6161644458770752,0.7915844321250916,-0.28582245111465454,0.5400921702384949
4,1650641118.9387023,-50.41910934448242,5.636595249176025,1055.8748779296875,-0.1803104728460312,0.3632982075214386,-0.914058268070221,-0.8252382874488831,-0.5615456700325012,-0.0604003481566906,-0.5352287888526917,0.7434250712394714,0.40106016397476196
300,1650641118.9708025,35.90045166015625,102.02523040771484,1026.7235107421875,-0.09737073630094528,0.8135722875595093,0.5732530355453491,-0.6032630801200867,-0.506363570690155,0.6161733269691467,0.7915760278701782,-0.28582513332366943,0.5401031374931335
4,1650641118.9708095,-50.57909393310547,5.979313373565674,1055.4713134765625,-0.18076983094215393,0.36486750841140747,-0.9133421778678894,-0.8235552906990051,-0.5638115406036377,-0.06223577260971069,-0.5376606583595276,0.7409374117851257,0.4024086594581604
300,1650641119.0010018,35.89777755737305,102.02761840820312,1026.7261962890625,-0.09734374284744263,0.8134436011314392,0.5734402537345886,-0.6032817959785461,-0.5064846873283386,0.6160554885864258,0.7915650606155396,-0.28597694635391235,0.5400388240814209
4,1650641119.0010087,-50.61374282836914,6.329916477203369,1055.10693359375,-0.18001511693000793,0.36606070399284363,-0.913013756275177,-0.8221533894538879,-0.5655816793441772,-0.06466187536716461,-0.5400540232658386,0.738997220993042,0.4027712941169739
300,1650641119.0302584,35.894718170166016,102.02564239501953,1026.7135009765625,-0.09740106016397476,0.8134593963623047,0.5734080672264099,-0.6032286286354065,-0.5065091252326965,0.6160874366760254,0.7915985584259033,-0.28588858246803284,0.5400364995002747
4,1650641119.0302663,-50.55820083618164,6.635503768920898,1054.7578125,-0.17919792234897614,0.3671830892562866,-0.9127237796783447,-0.8210194706916809,-0.5669675469398499,-0.06689415872097015,-0.5420471429824829,0.7373766899108887,0.4030638635158539
300,1650641119.060472,35.90016555786133,102.02726745605469,1026.71240234375,-0.09744260460138321,0.8134209513664246,0.5734555721282959,-0.6033657193183899,-0.5065170526504517,0.6159466505050659,0.7914889454841614,-0.28598397970199585,0.5401466488838196
4,1650641119.0604792,-50.48810958862305,6.974971294403076,1054.3966064453125,-0.1781274527311325,0.36904585361480713,-0.9121818542480469,-0.8201978802680969,-0.5678344368934631,-0.06956635415554047,-0.5436414480209351,0.7357779741287231,0.40383753180503845
300,1650641119.0911336,35.906253814697266,102.02850341796875,1026.701904296875,-0.09741085767745972,0.8133589625358582,0.5735488533973694,-0.6033294200897217,-0.5065844058990479,0.6159268617630005,0.7915205359458923,-0.28604093194007874,0.5400701761245728
4,1650641119.0911407,-50.334712982177734,7.399527549743652,1053.9825439453125,-0.1763332039117813,0.37148886919021606,-0.9115386009216309,-0.819516658782959,-0.568373441696167,-0.07310320436954498,-0.5452513694763184,0.7341305613517761,0.40466442704200745
300,1650641119.1225965,35.903892517089844,102.02306365966797,1026.696533203125,-0.09746452420949936,0.8134914636611938,0.5733518600463867,-0.6033193469047546,-0.5064665675163269,0.6160336136817932,0.7915216088294983,-0.28587284684181213,0.540157675743103
4,1650641119.122604,-50.039485931396484,7.626357078552246,1053.8062744140625,-0.17371796071529388,0.37232300639152527,-0.911700427532196,-0.8191656470298767,-0.5684894323348999,-0.07607533037662506,-0.5466166734695435,0.7336179614067078,0.403751015663147
300,1650641119.152197,35.90460968017578,102.02068328857422,1026.6917724609375,-0.09753623604774475,0.8135426640510559,0.5732669830322266,-0.6032891273498535,-0.5064502358436584,0.6160765886306763,0.7915357947349548,-0.2857559323310852,0.5401987433433533
4,1650641119.1522064,-49.798309326171875,7.844743728637695,1053.6820068359375,-0.1713235080242157,0.3734065294265747,-0.9117103815078735,-0.8193328380584717,-0.5679006576538086,-0.07862894982099533,-0.5471214652061462,0.7335233092308044,0.4032389521598816
300,1650641119.1830018,35.90744400024414,102.02423858642578,1026.6890869140625,-0.09757973998785019,0.8134763836860657,0.5733535885810852,-0.6033948659896851,-0.5065001845359802,0.6159319877624512,0.7914498448371887,-0.28585612773895264,0.5402716398239136
4,1650641119.1830094,-49.513946533203125,8.033210754394531,1053.5740966796875,-0.16851624846458435,0.37280333042144775,-0.9124801158905029,-0.8193882703781128,-0.5675507187843323,-0.08055470138788223,-0.5479097962379456,0.7341006994247437,0.4011121690273285
300,1650641119.2146153,35.90531539916992,102.01986694335938,1026.683837890625,-0.09763119369745255,0.8135260939598083,0.5732743740081787,-0.6032959818840027,-0.5065024495124817,0.6160269379615784,0.7915188670158386,-0.2857106626033783,0.5402474403381348
4,1650641119.2146225,-49.2445068359375,8.115243911743164,1053.6004638671875,-0.1666957437992096,0.37203890085220337,-0.9131262898445129,-0.8197505474090576,-0.5669164061546326,-0.08133160322904587,-0.5479247570037842,0.7349781394004822,0.3994816541671753
300,1650641119.2451558,35.903175354003906,102.01907348632812,1026.6878662109375,-0.09767173230648041,0.8135272264480591,0.573265790939331,-0.6033009886741638,-0.5065151453018188,0.6160116195678711,0.7915100455284119,-0.28568488359451294,0.5402740240097046
4,1650641119.2451632,-48.898033142089844,8.054133415222168,1053.8255615234375,-0.16433820128440857,0.36805015802383423,-0.9151677489280701,-0.8200430274009705,-0.5665964484214783,-0.08060982823371887,-0.5481992959976196,0.7372296452522278,0.3949303925037384
300,1650641119.2748795,35.89418029785156,102.01368713378906,1026.6876220703125,-0.09767479449510574,0.8135276436805725,0.5732646584510803,-0.6033141016960144,-0.5065111517906189,0.616002082824707,0.791499674320221,-0.2856907546520233,0.5402860641479492
4,1650641119.274887,-48.783599853515625,7.917814254760742,1054.039306640625,-0.163865327835083,0.36235013604164124,-0.9175241589546204,-0.8202196359634399,-0.566794753074646,-0.07735229283571243,-0.5480765104293823,0.7398959994316101,0.39008471369743347
300,1650641119.3047998,35.88636016845703,102.00880432128906,1026.6829833984375,-0.09777572005987167,0.8136492967605591,0.5730748176574707,-0.6034529805183411,-0.5063694715499878,0.6159825325012207,0.791381299495697,-0.285595566034317,0.5405097007751465
4,1650641119.3048072,-48.92534255981445,7.922595977783203,1053.9974365234375,-0.16381187736988068,0.35979989171028137,-0.9185367226600647,-0.8196828961372375,-0.5677263736724854,-0.07620172947645187,-0.5488948822021484,0.7404260635375977,0.38792213797569275
300,1650641119.3344953,35.88782501220703,102.00852966308594,1026.6866455078125,-0.09776721149682999,0.8134759664535522,0.5733222365379333,-0.6034363508224487,-0.506558358669281,0.6158434748649597,0.7913950681686401,-0.28575417399406433,0.5404057502746582
4,1650641119.3345027,-48.90910720825195,7.864311218261719,1054.0537109375,-0.16457654535770416,0.35625991225242615,-0.9197790026664734,-0.8192989826202393,-0.5686171054840088,-0.07364603132009506,-0.5492392182350159,0.7414535880088806,0.3854644298553467
300,1650641119.3667908,35.89007568359375,102.008544921875,1026.6859130859375,-0.09780827164649963,0.8134808540344238,0.5733082890510559,-0.6034859418869019,-0.5065511465072632,0.6158008575439453,0.7913521528244019,-0.285753071308136,0.5404691696166992
4,1650641119.366798,-49.075077056884766,7.559617042541504,1054.36962890625,-0.1661541908979416,0.35004255175590515,-0.9218801259994507,-0.8193780183792114,-0.5691545009613037,-0.06843101233243942,-0.5486460328102112,0.7439982295036316,0.38138458132743835
