300,1650639721.357643,33.69195556640625,-69.20015716552734,1503.288330078125,-0.6409507989883423,0.7040565609931946,0.30575546622276306,-0.5128630995750427,-0.6891825199127197,0.5118582844734192,0.5710985064506531,0.17126530408859253,0.8028167486190796
4,1650639721.3576686,-145.7239990234375,-175.23924255371094,1549.97998046875,-0.007820610888302326,0.9558199048042297,0.29384878277778625,-0.9942829608917236,-0.03872676193714142,0.0995066687464714,0.10649026930332184,-0.29139062762260437,0.95065838098526
300,1650639721.387473,33.68415832519531,-69.20597076416016,1503.2890625,-0.6407959461212158,0.704180121421814,0.3057955205440521,-0.5127964615821838,-0.6890334486961365,0.5121256709098816,0.5713320970535278,0.171357199549675,0.8026309013366699
4,1650639721.3874974,-145.66644287109375,-175.2681121826172,1549.9383544921875,-0.008258255198597908,0.9561036825180054,0.29291215538978577,-0.9943047165870667,-0.0389765240252018,0.09919144213199615,0.10625400394201279,-0.29042479395866394,0.9509803056716919
300,1650639721.4196074,33.68376541137695,-69.22303771972656,1503.30029296875,-0.6408697366714478,0.7041428685188293,0.3057267665863037,-0.5128252506256104,-0.6890674233436584,0.5120511054992676,0.5712234973907471,0.171373650431633,0.8027046918869019
4,1650639721.4196332,-145.76097106933594,-175.31346130371094,1550.034912109375,-0.008790427818894386,0.956158459186554,0.2927178740501404,-0.9942418932914734,-0.03962127864360809,0.09956484287977219,0.10679762810468674,-0.29015716910362244,0.9510011076927185
300,1650639721.4851167,33.68516159057617,-69.2144546508789,1503.2987060546875,-0.6409119367599487,0.7038596272468567,0.3062898814678192,-0.5129941701889038,-0.6895703673362732,0.5112041234970093,0.5710244178771973,0.1705119013786316,0.8030297756195068
4,1650639721.4851422,-145.99746704101562,-175.39297485351562,1550.103759765625,-0.00939708761870861,0.9553685188293457,0.2952671945095062,-0.9942220449447632,-0.040502551943063736,0.09940849989652634,0.10693082958459854,-0.2926270067691803,0.9502290487289429
300,1650639721.5159733,33.685638427734375,-69.22216796875,1503.3111572265625,-0.6410079002380371,0.7039247155189514,0.3059392273426056,-0.5129880905151367,-0.6894118785858154,0.5114240050315857,0.5709221363067627,0.1708836406469345,0.8030234575271606
4,1650639721.5159996,-145.71908569335938,-175.77525329589844,1549.6624755859375,-0.013209199532866478,0.9544841647148132,0.29796886444091797,-0.9936496615409851,-0.04583095759153366,0.10276109725236893,0.11174003779888153,-0.29471927881240845,0.9490283131599426
300,1650639721.5482984,33.68003845214844,-69.22277069091797,1503.2874755859375,-0.6407526731491089,0.7040576338768005,0.3061681091785431,-0.5127875804901123,-0.6892574429512024,0.5118330717086792,0.5713886022567749,0.17095918953418732,0.8026755452156067
4,1650639721.5483212,-145.6431884765625,-175.9768524169922,1549.2882080078125,-0.01519014872610569,0.9530882239341736,0.3023112714290619,-0.9932515621185303,-0.04915124550461769,0.10505010932683945,0.11498099565505981,-0.29867541790008545,0.9474029541015625
300,1650639721.5753937,33.68437194824219,-69.21744537353516,1503.2896728515625,-0.6408084630966187,0.7040067315101624,0.3061683475971222,-0.5128332376480103,-0.6893282532691956,0.5116919279098511,0.5712850093841553,0.1708832085132599,0.802765429019928
4,1650639721.5754194,-145.6317596435547,-175.9486846923828,1549.2607421875,-0.014994594268500805,0.9530072808265686,0.3025761842727661,-0.9932478070259094,-0.04901258647441864,0.10515039414167404,0.11503912508487701,-0.29895642399787903,0.947307288646698
300,1650639721.6125052,33.68317794799805,-69.22345733642578,1503.3162841796875,-0.6408808827400208,0.704009473323822,0.306010365486145,-0.512920081615448,-0.6893134713172913,0.511624813079834,0.5711257457733154,0.17093171179294586,0.8028684258460999
4,1650639721.6125302,-145.5348663330078,-175.8243865966797,1549.380126953125,-0.014164447784423828,0.9542774558067322,0.29858651757240295,-0.9935080409049988,-0.04714201018214226,0.10353469848632812,0.11287679523229599,-0.29518160223960876,0.9487500786781311
300,1650639721.6380732,33.68141174316406,-69.22653198242188,1503.329833984375,-0.6409537196159363,0.7039669156074524,0.3059557378292084,-0.5129057168960571,-0.6893438100814819,0.5115982890129089,0.5710569620132446,0.17098434269428253,0.8029061555862427
4,1650639721.6380987,-145.3386688232422,-175.7677001953125,1549.150390625,-0.011949052102863789,0.9550048112869263,0.2963494658470154,-0.9934450387954712,-0.04503341019153595,0.10506649315357208,0.11368463188409805,-0.2931514382362366,0.9492828845977783
300,1650639721.6778824,33.68169403076172,-69.20388793945312,1503.3134765625,-0.6408811807632446,0.7039779424667358,0.30608224868774414,-0.5128936767578125,-0.689358115196228,0.5115911364555359,0.5711491703987122,0.1708814799785614,0.8028624653816223
4,1650639721.6779077,-144.9933624267578,-175.7290802001953,1548.8902587890625,-0.00974818505346775,0.9550136923789978,0.2964015305042267,-0.9937219023704529,-0.042289990931749344,0.10357751697301865,0.11145276576280594,-0.29353100061416626,0.9494302868843079
300,1650639721.703502,33.68305206298828,-69.20092010498047,1503.303955078125,-0.6408080458641052,0.703883171081543,0.306453138589859,-0.5130183100700378,-0.6895900368690491,0.5111533999443054,0.5711193084716797,0.17033512890338898,0.8029997944831848
4,1650639721.7035453,-144.77764892578125,-175.7239532470703,1548.8692626953125,-0.008520161733031273,0.954763650894165,0.297243595123291,-0.9938046336174011,-0.041026100516319275,0.10329189151525497,0.11081409454345703,-0.2945220172405243,0.9491980671882629
300,1650639721.743027,33.70235061645508,-69.17264556884766,1503.2894287109375,-0.6409985423088074,0.7042022943496704,0.30531948804855347,-0.5130070447921753,-0.6889575123786926,0.5120168924331665,0.5709156394004822,0.1715710461139679,0.8028814792633057
4,1650639721.7430527,-144.39846801757812,-175.702880859375,1548.8798828125,-0.006518601439893246,0.954668402671814,0.2975998818874359,-0.9939579963684082,-0.03879433125257492,0.10267647355794907,0.10956718027591705,-0.29513248801231384,0.9491532444953918
300,1650639721.772474,33.710662841796875,-69.15803527832031,1503.29248046875,-0.6409885883331299,0.7041242718696594,0.30552029609680176,-0.5130245685577393,-0.689098596572876,0.5118094086647034,0.5709110498428345,0.17132458090782166,0.802937388420105
4,1650639721.772498,-144.2533721923828,-175.6649932861328,1548.84033203125,-0.004666776396334171,0.9542416930198669,0.29899999499320984,-0.9938766956329346,-0.03743521496653557,0.10396000742912292,0.11039610207080841,-0.2966839671134949,0.9485732913017273
300,1650639721.8082259,33.713836669921875,-69.1389389038086,1503.3026123046875,-0.6409881114959717,0.7040432095527649,0.30570805072784424,-0.5131193399429321,-0.6892629861831665,0.5114930272102356,0.5708264112472534,0.17099623382091522,0.8030675053596497
4,1650639721.8082514,-144.23716735839844,-175.58050537109375,1548.7440185546875,-0.0038768562953919172,0.9537816047668457,0.30047568678855896,-0.9940809607505798,-0.036299802362918854,0.10239821672439575,0.10857273638248444,-0.298300176858902,0.9482768177986145
300,1650639721.835232,33.714786529541016,-69.1207504272461,1503.3145751953125,-0.6409180164337158,0.7039466500282288,0.30607718229293823,-0.5131990909576416,-0.6894832849502563,0.5111159682273865,0.5708334445953369,0.1705048829317093,0.8031669855117798
4,1650639721.8352568,-144.24449157714844,-175.50563049316406,1548.6453857421875,-0.003659938694909215,0.9536005854606628,0.3010523319244385,-0.9941276907920837,-0.036029357463121414,0.10203929990530014,0.10815145820379257,-0.2989110052585602,0.9481326341629028
300,1650639721.8626633,33.7175407409668,-69.1150131225586,1503.29833984375,-0.6409547924995422,0.7041042447090149,0.30563732981681824,-0.513119637966156,-0.6891776323318481,0.5116077065467834,0.5708635449409485,0.17108887434005737,0.8030214309692383
4,1650639721.8626864,-144.3087615966797,-175.448486328125,1548.583740234375,-0.003293721005320549,0.9529821872711182,0.30300843715667725,-0.9941874146461487,-0.0357285737991333,0.10156191885471344,0.10761275142431259,-0.30091264843940735,0.9475606083869934
300,1650639721.8942862,33.731903076171875,-69.09476470947266,1503.275634765625,-0.6410276293754578,0.7042679190635681,0.3051069974899292,-0.5131174921989441,-0.6888660192489624,0.5120293498039246,0.5707836747169495,0.17166921496391296,0.802954375743866
4,1650639721.8943129,-144.28628540039062,-175.38697814941406,1548.548828125,-0.003020279575139284,0.9529888033866882,0.30299052596092224,-0.9942427277565002,-0.03531501814723015,0.10116463154554367,0.10710887610912323,-0.3009405732154846,0.9476088285446167
300,1650639721.91991,33.738189697265625,-69.07862854003906,1503.2857666015625,-0.6410532593727112,0.7040972113609314,0.3054470121860504,-0.5133129358291626,-0.6891979575157166,0.5113863945007324,0.5705791711807251,0.1710360199213028,0.8032347559928894
4,1650639721.9199352,-144.1905517578125,-175.37472534179688,1548.5684814453125,-0.0024036706890910864,0.9534767866134644,0.30145689845085144,-0.9940503239631653,-0.03510555624961853,0.10310914367437363,0.10889498889446259,-0.2994154989719391,0.9478883147239685
300,1650639721.9629927,33.730587005615234,-69.05570220947266,1503.2789306640625,-0.6407376527786255,0.7040560245513916,0.30620327591896057,-0.5132555365562439,-0.689407467842102,0.5111615061759949,0.5709851384162903,0.17035987973213196,0.80308997631073
4,1650639721.9630175,-143.80517578125,-175.33718872070312,1548.600830078125,-0.0012350502656772733,0.9547299742698669,0.2974713146686554,-0.9941294193267822,-0.033355820924043655,0.10292758047580719,0.10819043964147568,-0.2955978512763977,0.9491663575172424
300,1650639721.9908838,33.741947174072266,-69.04095458984375,1503.285400390625,-0.6409284472465515,0.7041413187980652,0.30560725927352905,-0.5133107304573059,-0.6891860961914062,0.5114045739173889,0.5707213282585144,0.17090223729610443,0.8031622171401978
4,1650639721.9909084,-143.8069305419922,-175.28932189941406,1548.6351318359375,0.0001041076029650867,0.9540072679519653,0.2997834384441376,-0.9941127300262451,-0.03238297253847122,0.10339825600385666,0.10835056751966476,-0.2980293035507202,0.9483873844146729
300,1650639722.0264206,33.76091384887695,-69.00210571289062,1503.289794921875,-0.6410596370697021,0.7039106488227844,0.30586329102516174,-0.5135364532470703,-0.6895735263824463,0.5106551647186279,0.5703708529472351,0.17028844356536865,0.8035414814949036
4,1650639722.0264456,-143.78053283691406,-175.1750946044922,1548.58544921875,0.0005346665275283158,0.9538419246673584,0.3003086745738983,-0.99425208568573,-0.03164497762918472,0.10228109359741211,0.10706325620412827,-0.2986372113227844,0.9483423829078674
300,1650639722.053039,33.76676940917969,-69.00537872314453,1503.28271484375,-0.641148567199707,0.7041693329811096,0.30508047342300415,-0.5134274363517761,-0.689063549041748,0.5114524960517883,0.5703690052032471,0.17128033936023712,0.8033319711685181
4,1650639722.0530648,-143.8663330078125,-175.0809783935547,1548.40869140625,0.0005634595290757716,0.9536099433898926,0.30104443430900574,-0.9942956566810608,-0.03157443925738335,0.10187846422195435,0.10665763169527054,-0.29938456416130066,0.9481524229049683
300,1650639722.0914555,33.77220153808594,-68.98518371582031,1503.239501953125,-0.6409988403320312,0.7041746973991394,0.30538246035575867,-0.5133416652679443,-0.6891040802001953,0.5114840269088745,0.5706143975257874,0.1710951179265976,0.8031971454620361
4,1650639722.091481,-144.2713165283203,-174.9004669189453,1548.238037109375,-0.00015797661035321653,0.9520977139472961,0.30579397082328796,-0.9945827722549438,-0.03193603456020355,0.09891989827156067,0.10394725203514099,-0.30412179231643677,0.9469450116157532
300,1650639722.123905,33.770442962646484,-68.96902465820312,1503.2510986328125,-0.64106285572052,0.7041144967079163,0.305387020111084,-0.5134359002113342,-0.6892010569572449,0.5112587213516235,0.5704577565193176,0.17095230519771576,0.8033388257026672
4,1650639722.1239312,-144.56385803222656,-174.76780700683594,1548.0966796875,-0.0006203023949638009,0.9510307908058167,0.3090955913066864,-0.9946426153182983,-0.03253854066133499,0.09811907261610031,0.10337177664041519,-0.30737876892089844,0.9459558725357056
300,1650639722.1771495,33.782325744628906,-68.9352798461914,1503.255859375,-0.6410276293754578,0.7043549418449402,0.30490610003471375,-0.5134682059288025,-0.6888254284858704,0.511732280254364,0.5704682469367981,0.17147494852542877,0.8032199740409851
4,1650639722.177175,-144.77032470703125,-174.5889892578125,1547.9793701171875,-0.0006059185252524912,0.9498883485794067,0.31258881092071533,-0.9948396682739258,-0.03228715807199478,0.09618515521287918,0.10145775973796844,-0.310917466878891,0.9450061321258545
300,1650639722.2041028,33.79732131958008,-68.89668273925781,1503.278076171875,-0.6411685347557068,0.7040749192237854,0.3052562475204468,-0.513796329498291,-0.6893222332000732,0.5107330083847046,0.5700141787528992,0.17062638700008392,0.8037228584289551
4,1650639722.2041283,-144.82737731933594,-174.50181579589844,1547.94091796875,-0.0007017413736321032,0.9497437477111816,0.31302765011787415,-0.9948992133140564,-0.032238688319921494,0.09558367729187012,0.10087160021066666,-0.3113638758659363,0.9449219107627869
300,1650639722.2408888,33.80451202392578,-68.86400604248047,1503.296630859375,-0.6412116289138794,0.7039092183113098,0.3055478036403656,-0.5138485431671143,-0.6895933151245117,0.5103142857551575,0.5699186325073242,0.17021417617797852,0.8038780093193054
4,1650639722.2409136,-145.03097534179688,-174.3926239013672,1547.9754638671875,-0.0008752042194828391,0.9491093754768372,0.3149454891681671,-0.9948792457580566,-0.03265700116753578,0.09564939141273499,0.10106690227985382,-0.31324902176856995,0.9442777633666992
300,1650639722.2702236,33.810333251953125,-68.8473892211914,1503.2979736328125,-0.6410906314849854,0.7041856646537781,0.3051644265651703,-0.5137179493904114,-0.6891524195671082,0.5110409259796143,0.5701724886894226,0.17085511982440948,0.8035619854927063
4,1650639722.2702498,-145.2328338623047,-174.28353881835938,1547.9781494140625,-0.001818355405703187,0.949183464050293,0.31471797823905945,-0.9948615431785583,-0.033575624227523804,0.0955154076218605,0.1012284979224205,-0.31292712688446045,0.9443671703338623
300,1650639722.2959335,33.80937576293945,-68.85399627685547,1503.3023681640625,-0.6412202715873718,0.7041982412338257,0.30486294627189636,-0.5137457847595215,-0.6890745759010315,0.5111178755760193,0.5700016021728516,0.17111706733703613,0.8036274909973145
4,1650639722.2959585,-145.50721740722656,-174.23077392578125,1548.0135498046875,-0.003301218617707491,0.9489463567733765,0.3154202103614807,-0.9950181841850281,-0.034545499831438065,0.09351668506860733,0.0996386706829071,-0.31354013085365295,0.9443329572677612
300,1650639722.3296049,33.81723403930664,-68.83645629882812,1503.253173828125,-0.6411042213439941,0.7042001485824585,0.30510249733924866,-0.5136831998825073,-0.6891109943389893,0.5111317038536072,0.5701885223388672,0.17096267640590668,0.8035277724266052
4,1650639722.3296335,-146.0438995361328,-174.1306915283203,1548.0728759765625,-0.0060575492680072784,0.948768138885498,0.31591498851776123,-0.9948179125785828,-0.0377817377448082,0.094392329454422,0.1014922559261322,-0.31370609998703003,0.9440804123878479
300,1650639722.3785326,33.829586029052734,-68.81970977783203,1503.2269287109375,-0.641213059425354,0.7045618891716003,0.3040367364883423,-0.5136157274246216,-0.6884279251098633,0.5121189951896667,0.5701268911361694,0.17221935093402863,0.803303062915802
4,1650639722.3785577,-147.0364227294922,-173.9940948486328,1548.4146728515625,-0.010867401957511902,0.9474248290061951,0.3197937607765198,-0.9946842193603516,-0.04299238696694374,0.0935678705573082,0.10239722579717636,-0.3170769512653351,0.9428557753562927
300,1650639722.4083776,33.829566955566406,-68.81558990478516,1503.212158203125,-0.6412462592124939,0.7044470906257629,0.30423271656036377,-0.5137144327163696,-0.6886341571807861,0.5117425918579102,0.5700006484985352,0.17186427116394043,0.8034687042236328
4,1650639722.4084022,-147.49427795410156,-174.01565551757812,1548.6883544921875,-0.013148907572031021,0.9472679495811462,0.3201727569103241,-0.9944086670875549,-0.04594101384282112,0.09508323669433594,0.10477836430072784,-0.3171323239803314,0.9425755143165588
300,1650639722.4460104,33.824989318847656,-68.81521606445312,1503.201171875,-0.641200065612793,0.7043587565422058,0.30453452467918396,-0.5137090682983398,-0.6888043880462646,0.5115188360214233,0.5700574517250061,0.17154374718666077,0.8034968972206116
4,1650639722.4460344,-147.60813903808594,-174.10650634765625,1549.104248046875,-0.015095943585038185,0.9482254981994629,0.31723883748054504,-0.9941004514694214,-0.04831474646925926,0.09710787981748581,0.10740748792886734,-0.3139013648033142,0.9433608055114746
300,1650639722.4742484,33.827945709228516,-68.82457733154297,1503.2171630859375,-0.6413010954856873,0.7042548656463623,0.3045618534088135,-0.5137646198272705,-0.6889444589614868,0.5112743377685547,0.5698936581611633,0.17140769958496094,0.8036420941352844
4,1650639722.4742732,-147.4072265625,-174.22479248046875,1549.31640625,-0.014702416956424713,0.9488523006439209,0.315377801656723,-0.9939374327659607,-0.04823968559503555,0.09879913926124573,0.10895951837301254,-0.3120132088661194,0.9438090920448303
300,1650639722.5095098,33.820030212402344,-68.83625793457031,1503.2247314453125,-0.6411768794059753,0.7042413949966431,0.30485454201698303,-0.5137103796005249,-0.6890134215354919,0.5112358331680298,0.5700823664665222,0.17118564248085022,0.8035556077957153
4,1650639722.509536,-146.92698669433594,-174.41891479492188,1549.522705078125,-0.013498841784894466,0.9509130120277405,0.30916374921798706,-0.9935976266860962,-0.047440849244594574,0.10253369808197021,0.11216761916875839,-0.30580025911331177,0.9454652667045593
300,1650639722.5364118,33.8131217956543,-68.83890533447266,1503.246826171875,-0.6411126852035522,0.7042731046676636,0.30491626262664795,-0.5136783719062805,-0.6889829635620117,0.5113091468811035,0.5701833963394165,0.17117789387702942,0.8034855723381042
4,1650639722.5364373,-146.70884704589844,-174.55108642578125,1549.841552734375,-0.012338491156697273,0.9510277509689331,0.30885910987854004,-0.9933762550354004,-0.04694853350520134,0.10487822443246841,0.11424258351325989,-0.3055192828178406,0.9453076720237732
300,1650639722.5764692,33.805877685546875,-68.84908294677734,1503.243896484375,-0.6410025954246521,0.7040284872055054,0.305711567401886,-0.5137190818786621,-0.6894597411155701,0.5106251239776611,0.5702704191207886,0.1702621579170227,0.803618311882019
4,1650639722.576498,-146.7924346923828,-174.75112915039062,1550.46044921875,-0.011582516133785248,0.9499921798706055,0.31205883622169495,-0.9930087924003601,-0.04759062081575394,0.10802186280488968,0.11747099459171295,-0.3086259961128235,0.943901777267456
300,1650639722.6051328,33.800689697265625,-68.86861419677734,1503.2362060546875,-0.6410931348800659,0.7040802836418152,0.3054022490978241,-0.5136738419532776,-0.6893143057823181,0.5108668804168701,0.5702094435691833,0.17063608765602112,0.8035823106765747
4,1650639722.6051593,-147.07054138183594,-174.90538024902344,1551.061767578125,-0.011438515037298203,0.9483038783073425,0.317157506942749,-0.9926303029060364,-0.04903583973646164,0.11081768572330475,0.12064092606306076,-0.3135525584220886,0.9418761134147644
300,1650639722.6454616,33.79286193847656,-68.88514709472656,1503.2420654296875,-0.6410632133483887,0.7041022181510925,0.30541443824768066,-0.5136818885803223,-0.6892949938774109,0.5108848214149475,0.5702357888221741,0.1706235706806183,0.8035662770271301
4,1650639722.6454885,-147.44549560546875,-175.1087646484375,1551.922607421875,-0.010149619542062283,0.9446411728858948,0.32794827222824097,-0.9922941327095032,-0.05001679062843323,0.11336090415716171,0.12348829954862595,-0.3242705762386322,0.9378695487976074
300,1650639722.6751754,33.80421829223633,-68.87754821777344,1503.248779296875,-0.641234815120697,0.7041769027709961,0.30488166213035583,-0.5136886239051819,-0.689085841178894,0.511160135269165,0.5700368285179138,0.17115944623947144,0.8035934567451477
4,1650639722.675202,-147.84999084472656,-175.24752807617188,1552.712158203125,-0.010271098464727402,0.9419106841087341,0.33570632338523865,-0.9918935894966125,-0.05212051793932915,0.11589009314775467,0.12665531039237976,-0.3317946493625641,0.9348105192184448
300,1650639722.71575,33.78424835205078,-68.93002319335938,1503.2926025390625,-0.6412904262542725,0.7040084004402161,0.3051537871360779,-0.513677179813385,-0.6893368363380432,0.5108331441879272,0.5699845552444458,0.17084185779094696,0.8036981225013733
4,1650639722.7157767,-147.44264221191406,-175.8356170654297,1554.2919921875,-0.013972128741443157,0.9470217823982239,0.3208652436733246,-0.9900339841842651,-0.058075450360774994,0.12829633057117462,0.1401338130235672,-0.31587493419647217,0.9383952021598816
300,1650639722.777983,33.8026123046875,-68.88956451416016,1503.256103515625,-0.6412644386291504,0.704338550567627,0.3044455945491791,-0.5135143399238586,-0.6887471079826355,0.511791467666626,0.570160448551178,0.17185649275779724,0.803356945514679
4,1650639722.7780092,-147.56101989746094,-176.46823120117188,1557.5167236328125,-0.019069716334342957,0.9494351148605347,0.31338369846343994,-0.9865022301673889,-0.06885279715061188,0.14856848120689392,0.16263347864151,-0.30632057785987854,0.9379328489303589
300,1650639722.817339,33.79450225830078,-68.92166900634766,1503.258544921875,-0.641254723072052,0.7040016651153564,0.30524423718452454,-0.5136991143226624,-0.6893725395202637,0.5107628703117371,0.5700048804283142,0.17072539031505585,0.8037084341049194
4,1650639722.817377,-147.88214111328125,-176.6514434814453,1557.8472900390625,-0.019332995638251305,0.9473033547401428,0.3197539746761322,-0.9863404035568237,-0.07039613276720047,0.14891941845417023,0.16358131170272827,-0.3125072121620178,0.9357245564460754
300,1650639722.8542838,33.802433013916016,-68.89069366455078,1503.2738037109375,-0.6412925124168396,0.7039853930473328,0.30520233511924744,-0.5137977600097656,-0.6894103288650513,0.5106126070022583,0.5698734521865845,0.1706397831439972,0.8038198351860046
4,1650639722.8543067,-149.19378662109375,-176.5084228515625,1558.28125,-0.020439989864826202,0.9411575198173523,0.3373495042324066,-0.9863782525062561,-0.07406771928071976,0.14687389135360718,0.1632181704044342,-0.329752117395401,0.9298512935638428
300,1650639722.888874,33.79386901855469,-68.897705078125,1503.2447509765625,-0.6412702798843384,0.7041186094284058,0.30494171380996704,-0.513667643070221,-0.6891595125198364,0.5110819339752197,0.5700157880783081,0.17110294103622437,0.803620457649231
4,1650639722.8889031,-150.02920532226562,-176.3677215576172,1558.265380859375,-0.02048834227025509,0.9364662170410156,0.35015881061553955,-0.9868538975715637,-0.07510022819042206,0.14310601353645325,0.16031095385551453,-0.34262359142303467,0.9256940484046936
300,1650639722.9156327,33.795066833496094,-68.89286041259766,1503.24072265625,-0.6413248777389526,0.7042524218559265,0.30451759696006775,-0.5136616826057434,-0.688905656337738,0.511430025100708,0.5699597001075745,0.17157375812530518,0.8035598397254944
4,1650639722.9156585,-150.2362060546875,-176.2042694091797,1557.810791015625,-0.018111107870936394,0.9332649111747742,0.3587318956851959,-0.9875584244728088,-0.07275211811065674,0.13941113650798798,0.15620604157447815,-0.35174381732940674,0.922971248626709
300,1650639722.9428303,33.805816650390625,-68.8542251586914,1503.2398681640625,-0.6413173079490662,0.7040940523147583,0.3048993945121765,-0.5138098001480103,-0.6892195343971252,0.5108579993247986,0.5698347091674805,0.17096178233623505,0.803778886795044
4,1650639722.9428551,-150.0362091064453,-175.99034118652344,1557.0467529296875,-0.015060125850141048,0.9317471385002136,0.3627953827381134,-0.988573431968689,-0.06830155849456787,0.13437806069850922,0.14998584985733032,-0.35662612318992615,0.9221290946006775
300,1650639722.9784513,33.80849838256836,-68.85826873779297,1503.2359619140625,-0.6413325667381287,0.7040541768074036,0.30495941638946533,-0.5138471126556396,-0.689289927482605,0.5107254981994629,0.5697838664054871,0.17084236443042755,0.8038402795791626
4,1650639722.978476,-149.02793884277344,-175.76263427734375,1555.5201416015625,-0.010827260091900826,0.9347853064537048,0.35504814982414246,-0.9899895191192627,-0.059991028159856796,0.12775692343711853,0.1407250016927719,-0.3501106798648834,0.9260771870613098
300,1650639723.0053518,33.81596755981445,-68.8372573852539,1503.2281494140625,-0.641321063041687,0.7042238116264343,0.30459171533584595,-0.5137768387794495,-0.6889902353286743,0.5112003684043884,0.5698601603507996,0.1713513731956482,0.8036778569221497
4,1650639723.0053775,-148.43447875976562,-175.52874755859375,1554.5079345703125,-0.006453395821154118,0.9349759221076965,0.3546524941921234,-0.990892767906189,-0.05368127301335335,0.123490110039711,0.1344984769821167,-0.3506256639957428,0.9268073439598083
300,1650639723.0318878,33.83781051635742,-68.79118347167969,1503.227783203125,-0.6414192914962769,0.7041454315185547,0.30456605553627014,-0.5139471888542175,-0.6891233921051025,0.5108494758605957,0.5695959329605103,0.17113785445690155,0.8039106130599976
4,1650639723.0319118,-147.58932495117188,-175.32107543945312,1553.6080322265625,-0.0017528777243569493,0.9363619089126587,0.35103172063827515,-0.9916132092475891,-0.04699130728840828,0.12039565294981003,0.129229336977005,-0.3478766679763794,0.9285911917686462
300,1650639723.0654309,33.826377868652344,-68.80766296386719,1503.21728515625,-0.6412113308906555,0.7042204141616821,0.30483055114746094,-0.5138152241706848,-0.689062774181366,0.5110639929771423,0.5699490904808044,0.17107345163822174,0.8036739826202393
4,1650639723.0654552,-146.5552978515625,-175.1918487548828,1552.664794921875,0.0034871860407292843,0.9382347464561462,0.34598174691200256,-0.9922308921813965,-0.03978076949715614,0.11787845194339752,0.1243610829114914,-0.34370484948158264,0.9308068156242371
300,1650639723.0945096,33.83940505981445,-68.77993774414062,1503.207763671875,-0.6412799954414368,0.7043503522872925,0.30438554286956787,-0.5138450860977173,-0.6888189911842346,0.5113624930381775,0.5698449015617371,0.17151948809623718,0.803652822971344
4,1650639723.0945358,-146.4466552734375,-175.00390625,1552.287841796875,0.006616877857595682,0.9354661703109741,0.3533543646335602,-0.9928056001663208,-0.036101359874010086,0.11416549235582352,0.11955452710390091,-0.3515675961971283,0.9284971356391907
300,1650639723.1336577,33.85342788696289,-68.76008605957031,1503.1978759765625,-0.641288161277771,0.7043456435203552,0.30437925457954407,-0.5138638019561768,-0.6888284087181091,0.5113310217857361,0.5698188543319702,0.1715010553598404,0.8036752343177795
4,1650639723.133683,-146.6623077392578,-174.8206329345703,1552.015869140625,0.009108198806643486,0.9319238662719727,0.3625395596027374,-0.9930707812309265,-0.034050244837999344,0.1124768927693367,0.11716446280479431,-0.36105188727378845,0.9251562356948853
300,1650639723.1617792,33.859161376953125,-68.75469970703125,1503.18603515625,-0.6413502097129822,0.7042380571365356,0.30449745059013367,-0.5138686299324036,-0.6889792084693909,0.5111229419708252,0.5697446465492249,0.1713370829820633,0.8037627935409546
4,1650639723.1618145,-146.8185272216797,-174.77166748046875,1551.956787109375,0.010648373514413834,0.9292677044868469,0.3692535161972046,-0.9932222962379456,-0.032913465052843094,0.11147251725196838,0.11574122309684753,-0.3679378628730774,0.9226189255714417
300,1650639723.2002494,33.867942810058594,-68.73033142089844,1503.21337890625,-0.6414126753807068,0.7042015194892883,0.3044503927230835,-0.5140805840492249,-0.6890727281570435,0.5107836127281189,0.5694830417633057,0.171111062169075,0.8039963245391846
4,1650639723.2002752,-147.09742736816406,-174.67514038085938,1552.008544921875,0.012090399861335754,0.9259073138237,0.37755724787712097,-0.9933019876480103,-0.0322713777422905,0.1109493225812912,0.11491308361291885,-0.37636977434158325,0.9193153977394104
300,1650639723.228608,33.868751525878906,-68.72695922851562,1503.2017822265625,-0.6413608193397522,0.7043139338493347,0.30429938435554504,-0.5139287710189819,-0.6888644695281982,0.5112171173095703,0.5696784257888794,0.17148643732070923,0.8037779331207275
4,1650639723.2286458,-147.959228515625,-174.52847290039062,1552.1588134765625,0.012254681438207626,0.9200248122215271,0.3916684091091156,-0.9935600161552429,-0.03292137384414673,0.10841886699199677,0.1126423105597496,-0.39047470688819885,0.9136964678764343
300,1650639723.2614176,33.873451232910156,-68.70836639404297,1503.2012939453125,-0.6413781642913818,0.7041836977005005,0.3045641779899597,-0.5140690803527832,-0.6891165375709534,0.5107361674308777,0.5695322751998901,0.17100799083709717,0.8039833903312683
4,1650639723.2614436,-148.7469024658203,-174.32730102539062,1552.138671875,0.010870157741010189,0.9157942533493042,0.4015005826950073,-0.9939352869987488,-0.03404492139816284,0.10456367582082748,0.10942786931991577,-0.400202214717865,0.9098701477050781
300,1650639723.2916303,33.872642517089844,-68.71875,1503.1910400390625,-0.6413281559944153,0.7041909098625183,0.3046528995037079,-0.5139369368553162,-0.6890899538993835,0.5109049081802368,0.5697078704833984,0.17108532786369324,0.8038424849510193
4,1650639723.291655,-149.8412628173828,-174.12562561035156,1552.2413330078125,0.010324487462639809,0.9085401892662048,0.4176699221134186,-0.9942911863327026,-0.03503357619047165,0.10078522562980652,0.10619989782571793,-0.4163260757923126,0.902991771697998
300,1650639723.327137,33.8895263671875,-68.69969177246094,1503.166748046875,-0.6415384411811829,0.7044375538825989,0.3036382496356964,-0.5139620900154114,-0.6885764598846436,0.5115715265274048,0.5694483518600464,0.17213422060012817,0.803802490234375
4,1650639723.327163,-150.9147186279297,-173.84060668945312,1552.0577392578125,0.009138679131865501,0.9020950198173523,0.4314406216144562,-0.9945446252822876,-0.0366353765130043,0.09766677767038345,0.10391070693731308,-0.42997950315475464,0.8968390226364136
300,1650639723.3553045,33.895572662353516,-68.6740493774414,1503.1790771484375,-0.6415693163871765,0.7041935920715332,0.30413851141929626,-0.5141729712486267,-0.6890347599983215,0.5107418894767761,0.569223165512085,0.17129650712013245,0.8041408658027649
4,1650639723.355329,-151.21334838867188,-173.66603088378906,1551.8834228515625,0.00728415185585618,0.902996301651001,0.4295864999294281,-0.9947056174278259,-0.0374949686229229,0.0956813246011734,0.10250721871852875,-0.4280090630054474,0.8979423642158508
300,1650639723.3922179,33.8904914855957,-68.68498992919922,1503.1822509765625,-0.6415410041809082,0.7043582797050476,0.3038167655467987,-0.5141034722328186,-0.6887513399124146,0.5111938714981079,0.5693178772926331,0.17175859212875366,0.8039752244949341
4,1650639723.3922436,-152.03182983398438,-173.43858337402344,1551.759521484375,0.0034400210715830326,0.9011368751525879,0.43352100253105164,-0.9949584007263184,-0.0403677262365818,0.09180529415607452,0.10022939741611481,-0.43165117502212524,0.8964548707008362
300,1650639723.4182968,33.908485412597656,-68.65022277832031,1503.2003173828125,-0.6416827440261841,0.7041654586791992,0.30396419763565063,-0.514326274394989,-0.6890707612037659,0.5105389356613159,0.568956732749939,0.17126727104187012,0.8043355941772461
4,1650639723.4183214,-152.85792541503906,-173.1826171875,1551.7701416015625,-0.0005019658710807562,0.899804413318634,0.4362931549549103,-0.9949994087219238,-0.04402631148695946,0.08965443074703217,0.09987983107566833,-0.43406641483306885,0.8953269720077515
300,1650639723.4591177,33.90973663330078,-68.64806365966797,1503.162109375,-0.6414420008659363,0.7042801976203918,0.3042064607143402,-0.5141681432723999,-0.6889521479606628,0.5108581781387329,0.5693709850311279,0.1712726205587387,0.8040412664413452
4,1650639723.459141,-153.56600952148438,-172.9096221923828,1551.8179931640625,-0.006503229029476643,0.9027500748634338,0.4301162362098694,-0.994967520236969,-0.04884909838438034,0.08748338371515274,0.09998642653226852,-0.42738276720046997,0.8985247015953064
300,1650639723.4870248,33.92594909667969,-68.63506317138672,1503.1654052734375,-0.6417377591133118,0.7042919397354126,0.30355480313301086,-0.5142907500267029,-0.6888195276260376,0.5109135508537292,0.5689267516136169,0.17175710201263428,0.8042523264884949
4,1650639723.4870625,-153.50564575195312,-172.7531280517578,1551.79541015625,-0.008397581987082958,0.9063006043434143,0.4225502014160156,-0.9947842359542847,-0.050529155880212784,0.0886068046092987,0.101655513048172,-0.4196021854877472,0.9019978642463684
300,1650639723.5230885,33.94288635253906,-68.5902099609375,1503.1455078125,-0.6416759490966797,0.7042946815490723,0.30367913842201233,-0.5143791437149048,-0.6888729929924011,0.5107524394989014,0.5689165592193604,0.1715313345193863,0.804307758808136
4,1650639723.523115,-152.41793823242188,-172.6396484375,1551.31201171875,-0.010019471868872643,0.9169871807098389,0.39879077672958374,-0.994503378868103,-0.05070582777261734,0.09160742908716202,0.10422385483980179,-0.39568090438842773,0.9124549627304077
300,1650639723.5492382,33.946590423583984,-68.58798217773438,1503.13134765625,-0.6417545676231384,0.7043496370315552,0.30338531732559204,-0.5144007802009583,-0.6887470483779907,0.5109004974365234,0.568808376789093,0.1718110889196396,0.8043245673179626
4,1650639723.5492618,-151.7020263671875,-172.60128784179688,1550.8773193359375,-0.010628582909703255,0.923919141292572,0.38244006037712097,-0.9943881034851074,-0.05002543330192566,0.09321857988834381,0.10525816679000854,-0.37930306792259216,0.9192659258842468
300,1650639723.5877433,33.96653747558594,-68.55542755126953,1503.13232421875,-0.6418196558952332,0.7044109106063843,0.3031051456928253,-0.5144594311714172,-0.6886283755302429,0.511001467704773,0.5686818361282349,0.17203548550605774,0.8043660521507263
4,1650639723.587772,-149.744384765625,-172.4595489501953,1549.7938232421875,-0.010498310439288616,0.9362853765487671,0.35108327865600586,-0.9946356415748596,-0.045910365879535675,0.09269370883703232,0.10290612280368805,-0.3482268452644348,0.9317448139190674
300,1650639723.614024,34.00164031982422,-68.51952362060547,1503.113525390625,-0.6419962048530579,0.70451420545578,0.3024906516075134,-0.5145576596260071,-0.6883935332298279,0.5112189650535583,0.5683935880661011,0.17255175113677979,0.8044592142105103
4,1650639723.614049,-147.37603759765625,-172.35362243652344,1548.650146484375,-0.008394935168325901,0.9489257335662842,0.3153877556324005,-0.9946941137313843,-0.04026462137699127,0.09466996043920517,0.1025337353348732,-0.31291958689689636,0.9442288875579834
300,1650639723.6516972,34.03279495239258,-68.5010757446289,1503.1024169921875,-0.6420000791549683,0.7046483159065247,0.30216988921165466,-0.5145524740219116,-0.6881631016731262,0.5115342736244202,0.5683939456939697,0.17292273044586182,0.8043792843818665
4,1650639723.6517227,-144.80067443847656,-172.04840087890625,1547.11181640625,-0.004924955312162638,0.9595953822135925,0.28134047985076904,-0.9950807690620422,-0.03254055604338646,0.0935700312256813,0.09894434362649918,-0.2794956564903259,0.9550351500511169
300,1650639723.6811862,34.07370376586914,-68.4526596069336,1503.0926513671875,-0.6421343088150024,0.7046481966972351,0.30188482999801636,-0.5148190259933472,-0.6881752610206604,0.5112496018409729,0.5680007934570312,0.1728748381137848,0.8046672940254211
4,1650639723.6812122,-143.3472137451172,-171.7337188720703,1545.9072265625,-0.0027087077032774687,0.9656949043273926,0.25966522097587585,-0.9952887892723083,-0.02776961773633957,0.09289281070232391,0.09691691398620605,-0.2581902742385864,0.9612205028533936
300,1650639723.717108,34.10803985595703,-68.43389129638672,1503.0968017578125,-0.6423564553260803,0.7046725749969482,0.30135488510131836,-0.5150045156478882,-0.6880757212638855,0.5111967921257019,0.5675813555717468,0.17317143082618713,0.8048993945121765
4,1650639723.7171335,-140.36956787109375,-171.477294921875,1544.5753173828125,0.0003347453020978719,0.9759977459907532,0.21778042614459991,-0.9954931735992432,-0.02032744511961937,0.09262897074222565,0.09483258426189423,-0.21682992577552795,0.9715923070907593
300,1650639723.7431872,34.13905715942383,-68.39109802246094,1503.0831298828125,-0.6423177123069763,0.704659640789032,0.301467627286911,-0.5152705907821655,-0.6881987452507019,0.5107628703117371,0.5673835873603821,0.1727346032857895,0.8051326274871826
4,1650639723.7432115,-138.49203491210938,-171.2849578857422,1543.8511962890625,0.0017906486755236983,0.9818066954612732,0.1898745596408844,-0.9955407977104187,-0.016157805919647217,0.09293770790100098,0.0943148285150528,-0.18919429183006287,0.9773997068405151
300,1650639723.7822764,34.203636169433594,-68.3197021484375,1503.06884765625,-0.6423928737640381,0.704719603061676,0.30116716027259827,-0.5154443383216858,-0.6881112456321716,0.5107054114341736,0.5671406388282776,0.17283859848976135,0.8052815198898315
4,1650639723.7823017,-135.62059020996094,-171.04043579101562,1543.3359375,0.0003118865715805441,0.9901427030563354,0.14006175100803375,-0.99528568983078,-0.013276701793074608,0.09607367217540741,0.09698620438575745,-0.1394314169883728,0.985470712184906
300,1650639723.8117762,34.197265625,-68.36803436279297,1503.0528564453125,-0.6424248814582825,0.7047200798988342,0.3010978698730469,-0.5153717994689941,-0.6880717873573303,0.5108317732810974,0.5671703219413757,0.17299365997314453,0.8052272796630859
4,1650639723.8118017,-133.7653045654297,-171.03721618652344,1542.8902587890625,-0.002176720881834626,0.9944035410881042,0.10562590509653091,-0.9953737258911133,-0.012300411239266396,0.09528838098049164,0.09605434536933899,-0.1049298346042633,0.989829957485199
300,1650639723.8498442,34.27431106567383,-68.24899291992188,1503.0330810546875,-0.6427955627441406,0.704955518245697,0.29975253343582153,-0.515628457069397,-0.687556803226471,0.5112659931182861,0.5665166974067688,0.174078568816185,0.8054535984992981
4,1650639723.8498795,-131.01522827148438,-170.80482482910156,1542.868896484375,-0.004386015236377716,0.9983901381492615,0.056549761444330215,-0.9952678084373474,-0.009847739711403847,0.09666931629180908,0.09707058221101761,-0.05585816502571106,0.9937087893486023
300,1650639723.8778362,34.255409240722656,-68.29505920410156,1503.03759765625,-0.642716646194458,0.704587996006012,0.3007841110229492,-0.5156887173652649,-0.6882416009902954,0.5102829337120056,0.5665513277053833,0.1728563904762268,0.8056923747062683
4,1650639723.8778617,-128.531982421875,-170.9764862060547,1543.1707763671875,-0.003632389474660158,0.9997819662094116,0.020563416182994843,-0.9950591325759888,-0.005653983447700739,0.09912305325269699,0.09921770542860031,-0.02010175958275795,0.9948626756668091
300,1650639723.9130118,34.271697998046875,-68.2767562866211,1503.042724609375,-0.6428815722465515,0.7049134373664856,0.2996671497821808,-0.5156697034835815,-0.6875962018966675,0.5111714005470276,0.566381573677063,0.17409338057041168,0.8055453896522522
4,1650639723.913038,-127.36620330810547,-170.90533447265625,1542.814208984375,-0.0014803035883232951,0.9999557733535767,0.009284866973757744,-0.9948046207427979,-0.0024176756851375103,0.10177378356456757,0.10179173201322556,-0.009085972793400288,0.9947642087936401
300,1650639723.9582837,34.269412994384766,-68.28694152832031,1503.011962890625,-0.6428959965705872,0.7046205997467041,0.30032405257225037,-0.5156821608543396,-0.6880910992622375,0.5104924440383911,0.5663537979125977,0.17332181334495544,0.8057312965393066
4,1650639723.9583097,-134.15199279785156,-170.1360626220703,1543.2720947265625,-0.004836964886635542,0.993766725063324,0.11137469857931137,-0.9946504235267639,-0.016273656859993935,0.1020081639289856,0.10318479686975479,-0.11028548330068588,0.9885292053222656
300,1650639723.9879093,34.15848922729492,-68.45890808105469,1503.0487060546875,-0.6423755288124084,0.704846203327179,0.30090779066085815,-0.5153329968452454,-0.6878713965415955,0.511140763759613,0.5672614574432373,0.17327658832073212,0.8051022291183472
4,1650639723.9879334,-144.4594268798828,-166.7982940673828,1546.64599609375,-0.013102657161653042,0.959547758102417,0.28124091029167175,-0.9940076470375061,-0.04302556812763214,0.10048661381006241,0.10852225124835968,-0.2782389521598816,0.9543615579605103
300,1650639724.0248384,34.37908172607422,-68.08881378173828,1503.0478515625,-0.6428477168083191,0.7051222920417786,0.299248069524765,-0.5161647200584412,-0.6874096989631653,0.5109225511550903,0.565968930721283,0.1739840805530548,0.8058589696884155
4,1650639724.0248642,-154.033203125,-164.23626708984375,1553.00341796875,-0.008044866845011711,0.899940550327301,0.43593841791152954,-0.9936012029647827,-0.05630940943956375,0.09790770709514618,0.1126585528254509,-0.43236127495765686,0.894635021686554
300,1650639724.0901313,34.1657829284668,-68.5781478881836,1503.0711669921875,-0.6427478194236755,0.7047078609466553,0.30043646693229675,-0.5151405930519104,-0.6878539323806763,0.5113580822944641,0.5670145153999329,0.17390727996826172,0.8051402568817139
4,1650639724.090158,-153.2898406982422,-165.1197967529297,1552.2646484375,-0.001435064128600061,0.8934711813926697,0.4491182267665863,-0.994490921497345,-0.04834873974323273,0.09300679713487625,0.10481319576501846,-0.44651052355766296,0.8886183500289917
300,1650639724.1195464,34.209312438964844,-68.4132080078125,1503.0491943359375,-0.6426430344581604,0.7047719359397888,0.3005102872848511,-0.5154808759689331,-0.6879038214683533,0.5109480023384094,0.5668239593505859,0.17344987392425537,0.8053730130195618
4,1650639724.1195736,-151.73104858398438,-164.836669921875,1550.64453125,0.0004384358471725136,0.9041838049888611,0.427143394947052,-0.9950385093688965,-0.04210192710161209,0.0901433601975441,0.099489726126194,-0.4250636398792267,0.8996792435646057
300,1650639724.152818,34.183509826660156,-68.5764389038086,1503.005615234375,-0.6427603363990784,0.7047864198684692,0.3002253472805023,-0.5151596069335938,-0.6877195239067078,0.511519730091095,0.5669829845428467,0.17412059009075165,0.8051163554191589
4,1650639724.1528425,-149.4221649169922,-165.02418518066406,1548.327880859375,-0.00016887992387637496,0.9222565293312073,0.38657838106155396,-0.9954454898834229,-0.03700855001807213,0.08785609155893326,0.0953325629234314,-0.38480284810066223,0.9180623292922974
300,1650639724.1805992,34.176509857177734,-68.49703216552734,1503.043701171875,-0.642848551273346,0.7046992182731628,0.30024126172065735,-0.5153106451034546,-0.6878682971000671,0.5111674070358276,0.5667456984519958,0.17388570308685303,0.8053341507911682
4,1650639724.1806247,-147.8307342529297,-165.17877197265625,1547.277099609375,0.0019458269234746695,0.9334150552749634,0.3587932288646698,-0.995161235332489,-0.033439069986343384,0.09239009767770767,0.09823601692914963,-0.3572368919849396,0.9288334250450134
300,1650639724.215876,34.141815185546875,-68.58406066894531,1502.995849609375,-0.6430652141571045,0.7048236727714539,0.29948410391807556,-0.5150125026702881,-0.6874503493309021,0.5120294094085693,0.5667709112167358,0.17503026127815247,0.8050684332847595
4,1650639724.2159014,-145.1053924560547,-165.6144256591797,1546.394775390625,0.00727350078523159,0.9486000537872314,0.31639373302459717,-0.9944165945053101,-0.026448452845215797,0.10215719044208527,0.10527444630861282,-0.31537023186683655,0.9431113004684448
300,1650639724.2439728,34.143150329589844,-68.53589630126953,1502.9398193359375,-0.6431188583374023,0.7046685218811035,0.29973387718200684,-0.5150852799415588,-0.6877095699310303,0.5116080045700073,0.5666438937187195,0.17463622987270355,0.8052433729171753
4,1650639724.2439961,-143.1504669189453,-165.75424194335938,1545.334716796875,0.009269949048757553,0.9581302404403687,0.28618261218070984,-0.9941492080688477,-0.02197016216814518,0.10575761646032333,0.10761705040931702,-0.2854885756969452,0.9523207545280457
300,1650639724.28126,34.14701461791992,-68.45176696777344,1502.92431640625,-0.643484890460968,0.7043889164924622,0.29960542917251587,-0.5151997208595276,-0.688029408454895,0.5110623836517334,0.5661240220069885,0.17450429499149323,0.805637538433075
4,1650639724.2812865,-141.06332397460938,-165.62464904785156,1543.8494873046875,0.011149130761623383,0.9683679938316345,0.2492772936820984,-0.9939309358596802,-0.016551915556192398,0.10875362902879715,0.10943954437971115,-0.2489769160747528,0.9623063206672668
300,1650639724.307582,34.13526153564453,-68.4786605834961,1502.9229736328125,-0.6435297131538391,0.7042551636695862,0.2998235523700714,-0.5150260925292969,-0.6881803870201111,0.5110341310501099,0.5662311315536499,0.17444868385791779,0.8055742979049683
4,1650639724.3076143,-138.90786743164062,-165.57992553710938,1542.8583984375,0.012827499769628048,0.9764767289161682,0.21524089574813843,-0.9937598705291748,-0.011403154581785202,0.11095646768808365,0.1108008325099945,-0.21532104909420013,0.9702370762825012
300,1650639724.3470762,34.12392044067383,-68.43940734863281,1502.8773193359375,-0.6436597108840942,0.7041328549385071,0.2998318374156952,-0.5149825215339661,-0.6883072257041931,0.5109071731567383,0.5661229491233826,0.17444221675395966,0.8056517243385315
4,1650639724.3471024,-134.54351806640625,-165.57130432128906,1541.443359375,0.015064897015690804,0.9890402555465698,0.1468755155801773,-0.9931161403656006,-0.00226450152695179,0.117111936211586,0.11616102606058121,-0.14762872457504272,0.9821977019309998
300,1650639724.3765306,34.1197395324707,-68.4155044555664,1502.8701171875,-0.6436070799827576,0.704056441783905,0.30012398958206177,-0.5149025321006775,-0.6884402632713318,0.510808527469635,0.5662554502487183,0.17422540485858917,0.8056055307388306
4,1650639724.376556,-132.76531982421875,-165.5879364013672,1541.7037353515625,0.015968427062034607,0.9928069710731506,0.11865633726119995,-0.9927940964698792,0.0016476258169859648,0.11982153356075287,0.11876415461301804,-0.11971467733383179,0.9856792092323303
300,1650639724.4126663,34.12649917602539,-68.37897491455078,1502.8726806640625,-0.6436776518821716,0.7041671276092529,0.2997127175331116,-0.514869749546051,-0.6882045865058899,0.5111590623855591,0.5662050843238831,0.17470863461494446,0.8055362701416016
4,1650639724.4126928,-133.16171264648438,-165.52099609375,1542.27294921875,0.017247924581170082,0.992048442363739,0.12466912716627121,-0.9925000071525574,0.0018953271210193634,0.12223001569509506,0.1210218071937561,-0.12584231793880463,0.9846407771110535
300,1650639724.438876,34.13871765136719,-68.35934448242188,1502.8245849609375,-0.6438120007514954,0.7041346430778503,0.2995004951953888,-0.5149548649787903,-0.6882155537605286,0.5110585689544678,0.5659749507904053,0.17479640245437622,0.8056789636611938
4,1650639724.4389002,-136.0503692626953,-165.57823181152344,1543.2218017578125,0.016526831313967705,0.9848713278770447,0.17249730229377747,-0.992102861404419,-0.0053003765642642975,0.12531504034996033,0.12433349341154099,-0.1732061207294464,0.9770060777664185
300,1650639724.4779353,34.1287956237793,-68.34071350097656,1502.8358154296875,-0.6437029242515564,0.7038389444351196,0.3004285395145416,-0.5151223540306091,-0.6888275146484375,0.5100643038749695,0.5659465789794922,0.17357245087623596,0.8059634566307068
4,1650639724.477961,-145.04022216796875,-165.4245147705078,1547.2576904296875,0.011540859937667847,0.9494563341140747,0.3136868476867676,-0.9921190738677979,-0.02827005833387375,0.1220678985118866,0.12476608902215958,-0.31262344121932983,0.941647469997406
300,1650639724.5039477,34.14466094970703,-68.31139373779297,1502.8443603515625,-0.6438485980033875,0.7039633393287659,0.2998243272304535,-0.5151471495628357,-0.6885475516319275,0.510417103767395,0.565758228302002,0.17417767643928528,0.8059650659561157
4,1650639724.503973,-150.25001525878906,-165.02102661132812,1550.149658203125,0.0076679326593875885,0.9203237295150757,0.39108243584632874,-0.9919605851173401,-0.042401693761348724,0.11923208087682724,0.1263146698474884,-0.38885262608528137,0.9125997424125671
300,1650639724.5427513,34.15692901611328,-68.28319549560547,1502.8360595703125,-0.6440169811248779,0.704022228717804,0.2993238866329193,-0.5151770114898682,-0.6883678436279297,0.5106293559074402,0.5655394196510315,0.1746491938829422,0.8060166835784912
4,1650639724.5427768,-152.930419921875,-164.80709838867188,1552.0389404296875,0.006730112247169018,0.9015663266181946,0.4325885772705078,-0.9915107488632202,-0.050157900899648666,0.11996076256036758,0.1298503279685974,-0.4297235608100891,0.893575131893158
300,1650639724.5721269,34.156333923339844,-68.28260803222656,1502.8248291015625,-0.6439922451972961,0.704099178314209,0.2991960942745209,-0.5151021480560303,-0.6882264614105225,0.5108953714370728,0.5656357407569885,0.17489610612392426,0.8058955073356628
4,1650639724.5721512,-152.0677032470703,-164.7840576171875,1551.5081787109375,0.007093398831784725,0.9073772430419922,0.4202573001384735,-0.9915690422058105,-0.0479954369366169,0.12036332488059998,0.12938536703586578,-0.4175678789615631,0.8993867039680481
300,1650639724.6077044,34.13753890991211,-68.30609893798828,1502.819091796875,-0.6440616250038147,0.7042522430419922,0.2986861765384674,-0.5150859951972961,-0.6879230737686157,0.5113201141357422,0.5655714273452759,0.17547258734703064,0.8058153390884399
4,1650639724.6077297,-144.72532653808594,-164.9916229248047,1547.695556640625,0.010739225894212723,0.9515049457550049,0.3074459731578827,-0.9915002584457397,-0.029735473915934563,0.12666092813014984,0.12966056168079376,-0.3061930239200592,0.9430980682373047
300,1650639724.6392663,34.142662048339844,-68.2909927368164,1502.8067626953125,-0.6441452503204346,0.7041929364204407,0.29864561557769775,-0.5152193307876587,-0.6880215406417847,0.511053204536438,0.5653546452522278,0.17532451450824738,0.8059996366500854
4,1650639724.63929,-135.59153747558594,-164.7322998046875,1543.87353515625,0.015338475815951824,0.9859359264373779,0.16641837358474731,-0.9914499521255493,-0.006573069840669632,0.13032187521457672,0.12958291172981262,-0.16699443757534027,0.977405309677124
300,1650639724.6731918,34.12343978881836,-68.3021240234375,1502.8057861328125,-0.6439636945724487,0.7040436863899231,0.29938802123069763,-0.5151373744010925,-0.6883471012115479,0.5106973052024841,0.5656360983848572,0.1746445745229721,0.8059498071670532
4,1650639724.6732178,-127.64028930664062,-164.04359436035156,1541.2470703125,0.01823052391409874,0.9987447261810303,0.04665403068065643,-0.9927165508270264,0.012523350305855274,0.11982059478759766,0.11908592283725739,-0.048498619347810745,0.9916987419128418
300,1650639724.7000105,34.12230682373047,-68.28437042236328,1502.8028564453125,-0.6438697576522827,0.7040282487869263,0.29962626099586487,-0.5152721405029297,-0.688464343547821,0.5104032158851624,0.5656203031539917,0.17424413561820984,0.8060475587844849
4,1650639724.7000356,-123.51775360107422,-163.54151916503906,1540.13671875,0.018968019634485245,0.9997330904006958,-0.013191289268434048,-0.9935451149940491,0.020323188975453377,0.11160251498222351,0.11184081435203552,0.010989262722432613,0.9936653971672058
300,1650639724.738998,34.106868743896484,-68.29370880126953,1502.79248046875,-0.643809974193573,0.7039965391159058,0.29982930421829224,-0.5151841044425964,-0.6885226368904114,0.510413408279419,0.5657685399055481,0.17414194345474243,0.8059656023979187
4,1650639724.7390244,-119.61417388916016,-163.12722778320312,1539.451171875,0.018068954348564148,0.9972386360168457,-0.07203206419944763,-0.9941690564155579,0.02557993493974209,0.10475479811429977,0.10630811005830765,0.06971924006938934,0.9918859601020813
300,1650639724.7691028,34.112548828125,-68.29524993896484,1502.7930908203125,-0.6437754034996033,0.7042189240455627,0.2993808388710022,-0.5151376128196716,-0.6881473660469055,0.5109661817550659,0.5658501982688904,0.17472513020038605,0.8057820200920105
4,1650639724.7691286,-117.42610168457031,-162.78543090820312,1539.135009765625,0.016923237591981888,0.9938533902168274,-0.10940312594175339,-0.9946681261062622,0.027867086231708527,0.09929142892360687,0.1017298698425293,0.1071394681930542,0.989025890827179
300,1650639724.8044443,34.13608169555664,-68.26801300048828,1502.7882080078125,-0.6438454985618591,0.7044110298156738,0.29877761006355286,-0.5151228308677673,-0.6877774000167847,0.5114789605140686,0.5657839179039001,0.17540626227855682,0.8056805729866028
4,1650639724.8044698,-116.10417938232422,-162.50526428222656,1538.688720703125,0.01706230640411377,0.9915320873260498,-0.12873630225658417,-0.994931161403656,0.029598461464047432,0.09610345214605331,0.09910005331039429,0.126444011926651,0.987011194229126
300,1650639724.8320603,34.135128021240234,-68.27932739257812,1502.7891845703125,-0.6439750790596008,0.704278826713562,0.2988099753856659,-0.515320360660553,-0.6879960894584656,0.5109856128692627,0.5654564499855042,0.1750791370868683,0.8059815764427185
4,1650639724.8320866,-116.0788345336914,-162.5186767578125,1538.76806640625,0.016999520361423492,0.9915153384208679,-0.12887316942214966,-0.9949729442596436,0.029497692361474037,0.09570147842168808,0.0986909493803978,0.12659843266010284,0.987032413482666
300,1650639724.8714957,34.11197280883789,-68.3196792602539,1502.8001708984375,-0.6439073085784912,0.7043420076370239,0.2988070845603943,-0.5151692628860474,-0.6878771185874939,0.5112980604171753,0.5656712651252747,0.17529232800006866,0.8057844638824463
4,1650639724.8715513,-116.40045166015625,-162.60809326171875,1538.67724609375,0.015985293313860893,0.991862952709198,-0.12630240619182587,-0.9949411749839783,0.02830885350704193,0.0963883250951767,0.09917949140071869,0.12412265688180923,0.9872978329658508
300,1650639724.900049,34.09164810180664,-68.34632873535156,1502.7908935546875,-0.6437081694602966,0.7043490409851074,0.29921936988830566,-0.515005350112915,-0.6879197955131531,0.5114057660102844,0.5660471320152283,0.17509649693965912,0.8055630922317505
4,1650639724.9000738,-116.59613037109375,-162.68499755859375,1538.75732421875,0.016835594549775124,0.9923588633537292,-0.1222311407327652,-0.9949516654014587,0.028723474591970444,0.09615711122751236,0.09893326461315155,0.11999521404504776,0.9878326654434204
300,1650639724.9350896,34.06632995605469,-68.40129089355469,1502.803955078125,-0.6434879302978516,0.7043659090995789,0.299653023481369,-0.514848530292511,-0.6879587173461914,0.5115112662315369,0.5664400458335876,0.1748754382133484,0.8053348660469055
4,1650639724.9351149,-116.83599853515625,-162.78909301757812,1538.7325439453125,0.018274089321494102,0.9933622479438782,-0.11356724798679352,-0.9951479434967041,0.029053889214992523,0.09400258213281631,0.09667818248271942,0.11129839718341827,0.9890732765197754
300,1650639724.9630902,34.04301071166992,-68.45084381103516,1502.83837890625,-0.6433212757110596,0.7041900157928467,0.3004232943058014,-0.5148084163665771,-0.6883336305618286,0.5110470652580261,0.5666657090187073,0.17410703003406525,0.8053426146507263
4,1650639724.9631135,-117.4364242553711,-162.89784240722656,1538.5694580078125,0.01990152895450592,0.9947432279586792,-0.10044792294502258,-0.9954989552497864,0.029026754200458527,0.09021806716918945,0.09265948832035065,0.09820032119750977,0.9908435344696045
300,1650639725.000417,34.034278869628906,-68.48548126220703,1502.829345703125,-0.6432509422302246,0.7043632864952087,0.30016764998435974,-0.5148206353187561,-0.6880792379379272,0.511377215385437,0.5667344927787781,0.17441140115261078,0.8052283525466919
4,1650639725.0004435,-118.2607421875,-162.95143127441406,1538.3302001953125,0.02094825729727745,0.9962232708930969,-0.0842633843421936,-0.9956899881362915,0.028404630720615387,0.08828729391098022,0.09034732729196548,0.08205074071884155,0.9925245642662048
300,1650639725.0273938,34.01921463012695,-68.52500915527344,1502.8431396484375,-0.6433785557746887,0.7043654322624207,0.29988893866539,-0.5148555636405945,-0.688019335269928,0.5114226937294006,0.5665578246116638,0.17463889718055725,0.8053033351898193
4,1650639725.0274186,-118.83857727050781,-163.0152130126953,1538.0970458984375,0.021215826272964478,0.9970705509185791,-0.07348641008138657,-0.9958171248435974,0.027608459815382957,0.08709768950939178,0.08887138962745667,0.07133117318153381,0.9934856295585632
300,1650639725.0656643,34.0212287902832,-68.5474624633789,1502.8099365234375,-0.6434650421142578,0.7047693729400635,0.2987522482872009,-0.5147925615310669,-0.6872631907463074,0.51250159740448,0.5665168762207031,0.17598143219947815,0.8050398826599121
4,1650639725.06569,-120.6823959350586,-162.9717254638672,1537.7435302734375,0.0207179244607687,0.998772382736206,-0.04499476030468941,-0.9961991310119629,0.024431122466921806,0.08360864967107773,0.08460528403520584,0.0430915430188179,0.995482325553894
300,1650639725.110885,33.9868049621582,-68.5883560180664,1502.791259765625,-0.6428901553153992,0.704521894454956,0.30056795477867126,-0.5145183801651001,-0.6879050731658936,0.5119154453277588,0.5674179196357727,0.17445768415927887,0.804736852645874
4,1650639725.1109114,-121.988525390625,-162.97247314453125,1537.3782958984375,0.02026795595884323,0.9994909763336182,-0.02463666722178459,-0.9965404272079468,0.02218238264322281,0.08009418845176697,0.08059991896152496,0.022928088903427124,0.996482789516449
300,1650639725.1383512,33.97989273071289,-68.59246826171875,1502.78955078125,-0.6427948474884033,0.7044669985771179,0.3009004294872284,-0.5145173072814941,-0.6880480647087097,0.5117243528366089,0.5675268173217773,0.17411527037620544,0.8047342300415039
4,1650639725.1383765,-121.99120330810547,-162.9852294921875,1537.2296142578125,0.021449703723192215,0.9995361566543579,-0.02161845564842224,-0.9965683817863464,0.02310512214899063,0.07948344200849533,0.07994607836008072,0.019839372485876083,0.9966017603874207
300,1650639725.1763277,33.9740104675293,-68.5980453491211,1502.847900390625,-0.642911434173584,0.7043952941894531,0.30081918835639954,-0.5146895051002502,-0.6881619691848755,0.5113978981971741,0.5672386288642883,0.17395509779453278,0.8049720525741577
4,1650639725.1763535,-121.86463165283203,-162.97425842285156,1537.1796875,0.023676328361034393,0.999556303024292,-0.01807323656976223,-0.9966419339179993,0.025017056614160538,0.07796802371740341,0.07838556915521622,0.016166549175977707,0.9967920184135437
300,1650639725.2030358,33.96380615234375,-68.62619018554688,1502.8077392578125,-0.6426916122436523,0.7045027613639832,0.30103713274002075,-0.5145407915115356,-0.6880483031272888,0.511700451374054,0.5676224231719971,0.17396971583366394,0.8046982884407043
4,1650639725.2030616,-121.79200744628906,-162.9923553466797,1537.0738525390625,0.02498985454440117,0.9995514750480652,-0.016501937061548233,-0.9966908097267151,0.02618875727057457,0.07695181667804718,0.0773494690656662,0.014524314552545547,0.9968982338905334
300,1650639725.229335,33.963253021240234,-68.63215637207031,1502.814697265625,-0.6427847743034363,0.7043507695198059,0.3011939227581024,-0.5146194100379944,-0.6882820725440979,0.5113067626953125,0.567445695400238,0.17365993559360504,0.8048897981643677
4,1650639725.2293594,-121.63935852050781,-163.01324462890625,1537.08447265625,0.026205845177173615,0.9995375871658325,-0.015424754470586777,-0.9967646598815918,0.027299754321575165,0.07559733837842941,0.07598347216844559,0.013393757864832878,0.9970191121101379
300,1650639725.263183,33.95222854614258,-68.64802551269531,1502.8162841796875,-0.6426627039909363,0.7045690417289734,0.30094361305236816,-0.5145055651664734,-0.6879397630691528,0.5118817090988159,0.5676870942115784,0.1741301268339157,0.8046179413795471
4,1650639725.263208,-121.50421142578125,-163.08619689941406,1537.2471923828125,0.026861712336540222,0.9995197653770447,-0.015447786077857018,-0.9967215061187744,0.027959927916526794,0.07592388987541199,0.07631935179233551,0.013357695192098618,0.9969939589500427
300,1650639725.2914371,33.94145584106445,-68.66352081298828,1502.8297119140625,-0.6424990892410278,0.7045266032218933,0.30139198899269104,-0.5143930912017822,-0.6880626082420349,0.5118296146392822,0.5679741501808167,0.17381612956523895,0.8044832348823547
4,1650639725.291462,-121.68325805664062,-163.18777465820312,1537.412109375,0.02595430798828602,0.9995551705360413,-0.014693266712129116,-0.9965612888336182,0.027027955278754234,0.07832657545804977,0.0786888599395752,0.012609829194843769,0.9968194961547852
300,1650639725.3267128,33.945716857910156,-68.66180419921875,1502.8538818359375,-0.6426255106925964,0.7044658660888672,0.3012644946575165,-0.5145129561424255,-0.6881368160247803,0.5116093754768372,0.567722499370575,0.17376872897148132,0.8046711087226868
4,1650639725.3267398,-122.06267547607422,-163.31936645507812,1537.7886962890625,0.024312522262334824,0.9996354579925537,-0.011739362962543964,-0.9964177012443542,0.025182345882058144,0.08073166757822037,0.08099786192178726,0.009734517894685268,0.9966667294502258
300,1650639725.3552363,33.94218444824219,-68.67691040039062,1502.8492431640625,-0.6425542235374451,0.7045834064483643,0.3011416792869568,-0.514348566532135,-0.687923789024353,0.5120609402656555,0.5679521560668945,0.17413511872291565,0.8044297695159912
4,1650639725.35526,-122.16899871826172,-163.42938232421875,1538.0340576171875,0.024135559797286987,0.9996628761291504,-0.009569616056978703,-0.9963721632957458,0.02483532577753067,0.08139865100383759,0.08160887658596039,0.007570297457277775,0.9966356754302979
300,1650639725.3919997,33.92863845825195,-68.68108367919922,1502.8876953125,-0.6424142122268677,0.7044646739959717,0.3017175495624542,-0.51436448097229,-0.6882030367851257,0.5116695761680603,0.5680961012840271,0.17351101338863373,0.8044630289077759
4,1650639725.3920257,-122.21611785888672,-163.50515747070312,1538.2139892578125,0.02416984923183918,0.9996726512908936,-0.008391867391765118,-0.9962297677993774,0.024784522131085396,0.08313853293657303,0.08331930637359619,0.006350782699882984,0.9965026378631592
300,1650639725.4197223,33.928611755371094,-68.67926025390625,1502.8780517578125,-0.6423986554145813,0.7045143842697144,0.30163469910621643,-0.514339029788971,-0.6881190538406372,0.5118080973625183,0.5681367516517639,0.1736423373222351,0.8044059872627258
4,1650639725.4197476,-122.21829986572266,-163.50453186035156,1538.21435546875,0.024314936250448227,0.9996778964996338,-0.00727188540622592,-0.996187686920166,0.02483835071325302,0.08362480998039246,0.0837784931063652,0.005210830830037594,0.9964707493782043
300,1650639725.457736,33.92889404296875,-68.68367004394531,1502.885009765625,-0.6424089074134827,0.7044417858123779,0.3017823100090027,-0.5143629908561707,-0.6882441639900208,0.5116156935691833,0.5681033730506897,0.1734408289194107,0.8044729828834534
4,1650639725.4577856,-122.27601623535156,-163.49827575683594,1538.2210693359375,0.024344567209482193,0.9996845722198486,-0.00616978295147419,-0.9962505102157593,0.024772532284259796,0.08289303630590439,0.08301973342895508,0.004128654021769762,0.9965393543243408
300,1650639725.4875755,33.9332160949707,-68.68607330322266,1502.85400390625,-0.6423429250717163,0.7045049667358398,0.3017752766609192,-0.5141908526420593,-0.6881186366081238,0.5119575262069702,0.5683338046073914,0.17368222773075104,0.8042581677436829
4,1650639725.4876015,-122.46024322509766,-163.4718780517578,1538.1614990234375,0.02403099462389946,0.9997023344039917,-0.004213885869830847,-0.9963600039482117,0.02429506927728653,0.08170969039201736,0.08178775012493134,0.002234982093796134,0.9966472387313843
300,1650639725.523163,33.929622650146484,-68.67932891845703,1502.875732421875,-0.642393946647644,0.7045775055885315,0.30149710178375244,-0.5143126845359802,-0.6880062222480774,0.5119861960411072,0.5681658387184143,0.17383304238319397,0.8043442368507385
4,1650639725.52319,-122.7496566772461,-163.43701171875,1538.0875244140625,0.023988310247659683,0.999711811542511,0.0009504905319772661,-0.9964137673377991,0.023831982165575027,0.08118896186351776,0.08114290982484818,-0.0028946679085493088,0.996698260307312
300,1650639725.5883267,33.93975067138672,-68.6654281616211,1502.8720703125,-0.6426010727882385,0.7044569253921509,0.3013375699520111,-0.5145079493522644,-0.688163161277771,0.5115789175033569,0.5677547454833984,0.17370058596134186,0.8046630620956421
4,1650639725.5883534,-123.03279113769531,-163.39231872558594,1538.0247802734375,0.024777662009000778,0.9996695518493652,0.006847489159554243,-0.9963321089744568,0.02413259446620941,0.08209731429815292,0.08190494030714035,-0.00885655265301466,0.9966008067131042
300,1650639725.6201699,33.94218826293945,-68.65190124511719,1502.8699951171875,-0.6424950957298279,0.7045382261276245,0.30137336254119873,-0.5144745111465454,-0.6880698800086975,0.5117380023002625,0.5679049491882324,0.17374026775360107,0.8045485019683838
4,1650639725.6201952,-122.94865417480469,-163.32266235351562,1538.01025390625,0.02615000680088997,0.9996280670166016,0.007741032633930445,-0.9963990449905396,0.025439199060201645,0.08088129013776779,0.08065428584814072,-0.009828204289078712,0.9966936707496643
300,1650639725.6513472,33.9625358581543,-68.62737274169922,1502.8619384765625,-0.6426688432693481,0.7045710682868958,0.3009258210659027,-0.5145120620727539,-0.6879351735115051,0.511881411075592,0.5676742792129517,0.1741403043270111,0.8046247959136963
4,1650639725.6513712,-123.24520111083984,-163.20703125,1537.91650390625,0.026653265580534935,0.9995662569999695,0.012524478137493134,-0.996423602104187,0.025560306385159492,0.08054003119468689,0.08018497377634048,-0.014626340009272099,0.9966726899147034
300,1650639725.6794736,33.95964050292969,-68.62753295898438,1502.87939453125,-0.6427329778671265,0.7045133709907532,0.3009239137172699,-0.5145838856697083,-0.6880218386650085,0.5116926431655884,0.5675365328788757,0.17403113842010498,0.8047455549240112
4,1650639725.679498,-123.49658203125,-163.17434692382812,1537.8951416015625,0.026807371526956558,0.9995154738426208,0.0158165842294693,-0.9964874386787415,0.02546374872326851,0.07977685332298279,0.07933545112609863,-0.017899634316563606,0.9966872334480286
300,1650639725.7148924,33.95645523071289,-68.61066436767578,1502.900634765625,-0.6425091624259949,0.7044414281845093,0.3015695810317993,-0.5145349502563477,-0.6882453560829163,0.5114412307739258,0.5678342580795288,0.17343759536743164,0.8046637177467346
4,1650639725.714919,-123.62823486328125,-163.1474609375,1538.0499267578125,0.028397386893630028,0.9994080662727356,0.01941888965666294,-0.9964072108268738,0.026750771328806877,0.08035603910684586,0.07978900521993637,-0.021631022915244102,0.9965770244598389
300,1650639725.7438507,33.961856842041016,-68.59766387939453,1502.8978271484375,-0.6425530910491943,0.7046587467193604,0.3009677529335022,-0.5144684314727783,-0.6878330111503601,0.5120624303817749,0.5678448677062988,0.17418889701366425,0.8044939041137695
4,1650639725.743875,-123.42948913574219,-163.09255981445312,1538.087890625,0.03037303313612938,0.9993537068367004,0.019225403666496277,-0.9963254928588867,0.028728775680065155,0.0806858018040657,0.08008133620023727,-0.02160543203353882,0.9965541362762451
300,1650639725.7802804,33.97941589355469,-68.57850646972656,1502.852783203125,-0.6426442861557007,0.7047314047813416,0.30060258507728577,-0.5146313905715942,-0.6877116560935974,0.5120617151260376,0.5675938725471497,0.17437401413917542,0.8046308755874634
4,1650639725.7803066,-122.93950653076172,-162.99383544921875,1537.978515625,0.034021537750959396,0.9992724657058716,0.01723708026111126,-0.9961814880371094,0.0325186513364315,0.0810249075293541,0.08040543645620346,-0.019927851855754852,0.9965630173683167
300,1650639725.8097425,33.98720932006836,-68.5506591796875,1502.8525390625,-0.6426283717155457,0.7045311331748962,0.30110570788383484,-0.5148086547851562,-0.6881149411201477,0.5113412141799927,0.5674511790275574,0.1735905408859253,0.8049009442329407
4,1650639725.8097687,-122.72755432128906,-162.92930603027344,1537.986328125,0.03536863625049591,0.999232292175293,0.01684746891260147,-0.9962087869644165,0.033910878002643585,0.08011306822299957,0.07948025315999985,-0.01961708627641201,0.9966434240341187
300,1650639725.8426075,33.9890022277832,-68.54254150390625,1502.8675537109375,-0.6426529288291931,0.70453941822052,0.3010338842868805,-0.5148307681083679,-0.6880948543548584,0.5113460421562195,0.5674033164978027,0.1736365109682083,0.804924726486206
4,1650639725.8426332,-122.4273910522461,-162.93902587890625,1538.1419677734375,0.03574999421834946,0.9992899298667908,0.01189871784299612,-0.9960670471191406,0.03466377407312393,0.08154062181711197,0.08107026666402817,-0.014766997657716274,0.996599018573761
300,1650639725.8878787,34.0046272277832,-68.51782989501953,1502.8887939453125,-0.6427688002586365,0.7045615315437317,0.30073460936546326,-0.5149141550064087,-0.6880224943161011,0.5113593935966492,0.5671963691711426,0.17383335530757904,0.8050281405448914
4,1650639725.887904,-122.49922180175781,-162.9625701904297,1538.4417724609375,0.036576155573129654,0.9991984963417053,0.016266409307718277,-0.9959564805030823,0.035111311823129654,0.08269140124320984,0.08205398917198181,-0.019225168973207474,0.996442437171936
300,1650639725.9141276,34.01484298706055,-68.51448822021484,1502.8924560546875,-0.642899751663208,0.704694926738739,0.3001415729522705,-0.5148782730102539,-0.6877159476280212,0.5118077397346497,0.5670804381370544,0.17450468242168427,0.804964542388916
4,1650639725.9141536,-122.61873626708984,-163.00698852539062,1538.6038818359375,0.03609168156981468,0.9992110729217529,0.016572309657931328,-0.9957695007324219,0.03455526754260063,0.08514130860567093,0.0845014750957489,-0.0195750929415226,0.9962310791015625
300,1650639725.9502459,34.02850341796875,-68.49242401123047,1502.9093017578125,-0.6429094672203064,0.704694926738739,0.30012086033821106,-0.5149028301239014,-0.687718391418457,0.5117797255516052,0.5670471787452698,0.1744949221611023,0.8049900531768799
4,1650639725.950272,-122.77788543701172,-163.06881713867188,1538.977783203125,0.03552374616265297,0.9992141723632812,0.017582928761839867,-0.995598316192627,0.033857353031635284,0.08739349991083145,0.0867295116186142,-0.020610079169273376,0.9960187077522278
300,1650639725.995015,34.014427185058594,-68.5101547241211,1502.882568359375,-0.6425637006759644,0.7047584652900696,0.3007115125656128,-0.5146275162696838,-0.6877065896987915,0.5120724439620972,0.5676886439323425,0.17428474128246307,0.8045833706855774
4,1650639725.9950404,-122.55528259277344,-163.15313720703125,1539.185791015625,0.03582428768277168,0.9992603063583374,0.01397863868623972,-0.9953534603118896,0.03442627936601639,0.08992372453212738,0.08937598019838333,-0.017135139554739,0.9958505630493164
300,1650639726.0236595,34.0288200378418,-68.47544860839844,1502.904296875,-0.6427697539329529,0.7046772241592407,0.3004613220691681,-0.5149042010307312,-0.6878221035003662,0.5116389989852905,0.5672042965888977,0.1741573065519333,0.8049525022506714
4,1650639726.023684,-122.56696319580078,-163.11732482910156,1539.238037109375,0.0363856740295887,0.9992222785949707,0.01519569382071495,-0.9952425360679626,0.034857187420129776,0.09097941964864731,0.09037898480892181,-0.018433747813105583,0.995736837387085
300,1650639726.057673,34.03266525268555,-68.47540283203125,1502.9010009765625,-0.6428528428077698,0.7046900391578674,0.30025342106819153,-0.5147982835769653,-0.6877241730690002,0.5118770599365234,0.5672062039375305,0.17449170351028442,0.8048787117004395
4,1650639726.0576963,-123.08944702148438,-163.17308044433594,1539.5262451171875,0.036358390003442764,0.999069094657898,0.023217396810650826,-0.9948853850364685,0.03399568796157837,0.09511791169643402,0.09424006938934326,-0.02655698172748089,0.995195209980011
300,1650639726.0850112,34.054290771484375,-68.4494857788086,1502.896240234375,-0.6431033611297607,0.7047414779663086,0.2995956242084503,-0.5149584412574768,-0.6875540018081665,0.511944591999054,0.5667767524719238,0.17495396733283997,0.8050808906555176
4,1650639726.0850358,-124.3553466796875,-163.2165985107422,1539.9268798828125,0.0359731987118721,0.9984303116798401,0.04292860999703407,-0.9947928190231323,0.031677111983299255,0.09686995297670364,0.09535804390907288,-0.046189796179533005,0.9943708181381226
300,1650639726.1167252,34.06480407714844,-68.42849731445312,1502.8690185546875,-0.6429948210716248,0.7048991322517395,0.2994575500488281,-0.514797031879425,-0.6872918605804443,0.5124586820602417,0.5670464634895325,0.1753484457731247,0.8048050999641418
4,1650639726.1167505,-127.56028747558594,-163.33615112304688,1540.8770751953125,0.03435632959008217,0.9952244758605957,0.0913669541478157,-0.9944949150085449,0.024988874793052673,0.10176169872283936,0.09899257868528366,-0.09436012804508209,0.9906041622161865
300,1650639726.163637,34.07705307006836,-68.40950012207031,1502.872802734375,-0.6430760025978088,0.7047095894813538,0.29972919821739197,-0.5149638056755066,-0.6876245141029358,0.5118445158004761,0.5668028593063354,0.17480525374412537,0.8050947785377502
4,1650639726.1636608,-134.1860809326172,-163.43057250976562,1542.7598876953125,0.030220530927181244,0.9819410443305969,0.18675784766674042,-0.9938909411430359,0.009678266011178493,0.10994143038988113,0.10614851117134094,-0.1889394223690033,0.9762347936630249
300,1650639726.1914117,34.09536361694336,-68.37570190429688,1502.867431640625,-0.6432042121887207,0.7047272324562073,0.2994125485420227,-0.5151671767234802,-0.6875896453857422,0.5116866827011108,0.5664724707603455,0.1748715192079544,0.8053128719329834
4,1650639726.1914368,-138.70997619628906,-163.26206970214844,1544.19970703125,0.02797560580074787,0.9652798771858215,0.2597155272960663,-0.9944489598274231,0.0005110804922878742,0.10521887987852097,0.1014329344034195,-0.2612173855304718,0.9599358439445496
300,1650639726.2228045,34.08915328979492,-68.38644409179688,1502.8597412109375,-0.643036961555481,0.7048175930976868,0.299559086561203,-0.5149976015090942,-0.6874710917472839,0.5120165348052979,0.566816508769989,0.17497333884239197,0.8050487041473389
4,1650639726.2228303,-142.68101501464844,-163.2630157470703,1545.5928955078125,0.02525506727397442,0.947253406047821,0.31948885321617126,-0.9944932460784912,-0.008710292167961597,0.10443821549415588,0.10171230137348175,-0.32036709785461426,0.9418171644210815
300,1650639726.2488468,34.094600677490234,-68.3685302734375,1502.871337890625,-0.643027663230896,0.7048230767250061,0.29956620931625366,-0.5150403380393982,-0.6874798536300659,0.511961817741394,0.5667881965637207,0.17491692304611206,0.8050808310508728
4,1650639726.248871,-145.8999786376953,-163.23179626464844,1547.1575927734375,0.02242913469672203,0.929638683795929,0.367789089679718,-0.9945452809333801,-0.01673627272248268,0.10295432060956955,0.1018657386302948,-0.3680920898914337,0.9241923689842224
300,1650639726.2836614,34.10563278198242,-68.35503387451172,1502.8544921875,-0.6431395411491394,0.7047454118728638,0.2995086908340454,-0.5151248574256897,-0.6875796318054199,0.5117427706718445,0.5665844082832336,0.1748376339673996,0.8052415251731873
4,1650639726.2836864,-149.66476440429688,-163.17221069335938,1549.0699462890625,0.0185169018805027,0.9067685604095459,0.42122185230255127,-0.9945550560951233,-0.02650810033082962,0.10078487545251846,0.10255435109138489,-0.4207945466041565,0.9013404250144958
300,1650639726.3288202,34.09979248046875,-68.36004638671875,1502.8486328125,-0.6430624127388,0.7045968174934387,0.30002346634864807,-0.5150413513183594,-0.6878480315208435,0.5114660263061523,0.5667479038238525,0.1743800938129425,0.805225670337677
4,1650639726.328845,-156.13868713378906,-163.0640411376953,1552.7662353515625,0.015344442799687386,0.8572732210159302,0.514633059501648,-0.9940071702003479,-0.0426345095038414,0.10065793991088867,0.10823248326778412,-0.5130935311317444,0.8514814972877502
300,1650639726.3892846,34.10784149169922,-68.3538818359375,1502.85205078125,-0.6431448459625244,0.7044596672058105,0.3001687228679657,-0.5151745676994324,-0.6880794167518616,0.5110204219818115,0.5665332078933716,0.17402084171772003,0.805454432964325
4,1650639726.3893108,-156.8861541748047,-163.0218505859375,1553.3807373046875,0.014218618161976337,0.8526756167411804,0.5222472548484802,-0.993706226348877,-0.045989301055669785,0.10214143991470337,0.11111129820346832,-0.5204126238822937,0.8466551303863525
300,1650639726.4196446,34.12126922607422,-68.32514190673828,1502.8753662109375,-0.643382728099823,0.7044601440429688,0.29965731501579285,-0.515380322933197,-0.6880172491073608,0.510896623134613,0.5660757422447205,0.1742645800113678,0.8057233691215515
4,1650639726.4196692,-156.68264770507812,-162.924072265625,1552.9755859375,0.014885751530528069,0.8546215295791626,0.5190379619598389,-0.9938217997550964,-0.04445292055606842,0.10169623792171478,0.10998454689979553,-0.517345130443573,0.8486798405647278
300,1650639726.4908028,34.11732482910156,-68.32498168945312,1502.9539794921875,-0.6431319713592529,0.7045865654945374,0.29989829659461975,-0.5151500105857849,-0.6878623962402344,0.5113372206687927,0.5665701031684875,0.17436471581459045,0.805354118347168
4,1650639726.4908295,-137.95445251464844,-162.96292114257812,1544.54248046875,0.01861090585589409,0.9751914143562317,0.22057953476905823,-0.9937269687652588,-0.006291011348366737,0.1116563230752945,0.11027395725250244,-0.22127385437488556,0.9689569473266602
300,1650639726.519955,34.09455490112305,-68.33926391601562,1502.86279296875,-0.6426777839660645,0.7043924331665039,0.3013246953487396,-0.5150008201599121,-0.6883834004402161,0.5107861161231995,0.5672208070755005,0.1730884164571762,0.8051713705062866
4,1650639726.5199797,-128.81402587890625,-162.462646484375,1541.3048095703125,0.019724013283848763,0.9969584941864014,0.07539737224578857,-0.9945547580718994,0.011846004985272884,0.10353990644216537,0.10233183205127716,-0.0770290344953537,0.9917634129524231
300,1650639726.5783339,34.13987350463867,-68.2790756225586,1502.8521728515625,-0.6433334946632385,0.7044492363929749,0.2997886836528778,-0.5154783725738525,-0.6880918145179749,0.5106972455978394,0.566042423248291,0.17401409149169922,0.8058008551597595
4,1650639726.578358,-118.17347717285156,-161.15240478515625,1537.7586669921875,0.026525940746068954,0.9971862435340881,-0.07011378556489944,-0.9961055517196655,0.03226645290851593,0.08205271512269974,0.0840841606259346,0.06766419857740402,0.9941586256027222
300,1650639726.621573,34.149070739746094,-68.26405334472656,1502.855224609375,-0.6431872248649597,0.704505980014801,0.29996931552886963,-0.5153650045394897,-0.6880369782447815,0.5108855366706848,0.5663118958473206,0.17400133609771729,0.8056142926216125
4,1650639726.6215997,-114.24433135986328,-160.8189697265625,1538.0576171875,0.03082902543246746,0.9922101497650146,-0.12070051580667496,-0.9959183931350708,0.040741756558418274,0.0805397629737854,0.0848299190402031,0.11772490292787552,0.9894163608551025
300,1650639726.6860914,34.20531463623047,-68.1821517944336,1502.8681640625,-0.6434987783432007,0.7046528458595276,0.2989543676376343,-0.5155724287033081,-0.6876864433288574,0.5111481547355652,0.565768837928772,0.17479057610034943,0.8058249354362488
4,1650639726.686118,-114.69103240966797,-160.4537353515625,1537.6068115234375,0.03156500309705734,0.9931657910346985,-0.11236248165369034,-0.9959499835968018,0.04072226211428642,0.08015838265419006,0.08418621867895126,0.10937720537185669,0.9904288649559021
300,1650639726.7271037,34.214717864990234,-68.16028594970703,1502.8555908203125,-0.6433165669441223,0.704581618309021,0.2995138168334961,-0.5155859589576721,-0.6879081726074219,0.5108360648155212,0.5659636855125427,0.17420417070388794,0.8058151006698608
4,1650639726.72713,-121.76387786865234,-160.55738830566406,1538.317626953125,0.027230799198150635,0.9994924664497375,-0.016532720997929573,-0.9959530234336853,0.028544040396809578,0.08522235602140427,0.08565101027488708,0.014145140536129475,0.9962247610092163
300,1650639726.7568152,34.234222412109375,-68.1532974243164,1502.844970703125,-0.6432458758354187,0.7046518921852112,0.2995002865791321,-0.5156159400939941,-0.6878346800804138,0.5109047293663025,0.566016674041748,0.17421025037765503,0.8057765960693359
4,1650639726.7568383,-131.76919555664062,-160.5060577392578,1540.269775390625,0.02077927067875862,0.9922125339508057,0.12281105667352676,-0.9954156875610352,0.009061366319656372,0.09521301090717316,0.09335870295763016,-0.12422651052474976,0.987852156162262
300,1650639726.788954,34.248382568359375,-68.14690399169922,1502.83642578125,-0.6434149742126465,0.7046802043914795,0.2990701496601105,-0.51572585105896,-0.6877312064170837,0.5109331011772156,0.5657243132591248,0.17450380325317383,0.8059183359146118
4,1650639726.7890007,-141.41622924804688,-160.37767028808594,1543.0643310546875,0.014043468050658703,0.9649918079376221,0.26190385222435,-0.9952978491783142,-0.011614636518061161,0.09616300463676453,0.09583842754364014,-0.26202282309532166,0.9602911472320557
300,1650639726.815366,34.25318908691406,-68.1541748046875,1502.842041015625,-0.6433857679367065,0.7045819759368896,0.2993643283843994,-0.5157461762428284,-0.6879205703735352,0.510657548904419,0.5657389760017395,0.17415381968021393,0.8059837818145752
4,1650639726.8153908,-145.82456970214844,-160.35240173339844,1545.1488037109375,0.009525331668555737,0.944817066192627,0.3274599611759186,-0.9954785704612732,-0.021990517154335976,0.09240603446960449,0.09450781345367432,-0.32685956358909607,0.9403356313705444
300,1650639726.8490808,34.243194580078125,-68.15303802490234,1502.843994140625,-0.6432849168777466,0.7048232555389404,0.29901278018951416,-0.5155754089355469,-0.6875088214874268,0.5113840103149414,0.5660092830657959,0.1748020052909851,0.8056535720825195
4,1650639726.849107,-149.25735473632812,-160.3641815185547,1547.1204833984375,0.007211612071841955,0.9256398677825928,0.37833690643310547,-0.9952250719070435,-0.030185367912054062,0.09282192587852478,0.09733991324901581,-0.37719976902008057,0.9210023283958435
300,1650639726.8940284,34.221580505371094,-68.19905090332031,1502.8419189453125,-0.6433447003364563,0.7046002745628357,0.29940950870513916,-0.51554936170578,-0.687850296497345,0.5109508633613586,0.5659650564193726,0.17435716092586517,0.8057810664176941
4,1650639726.8940544,-147.2093505859375,-160.499267578125,1546.3045654296875,0.0036660819314420223,0.9402713179588318,0.34040629863739014,-0.9951334595680237,-0.03008921816945076,0.09382984042167664,0.09846806526184082,-0.3390936851501465,0.9355851411819458
300,1650639726.9202728,34.22423553466797,-68.19850158691406,1502.84033203125,-0.6435520052909851,0.7047914266586304,0.298512727022171,-0.5155563950538635,-0.6874160170555115,0.511527955532074,0.5657229423522949,0.1752946972846985,0.8057476878166199
4,1650639726.9202988,-140.35350036621094,-160.48947143554688,1543.6280517578125,0.004318807739764452,0.9736859202384949,0.2278532236814499,-0.9945303797721863,-0.01959662325680256,0.10259298235177994,0.1043584942817688,-0.2270500361919403,0.9682755470275879
300,1650639726.9551902,34.05924606323242,-68.61612701416016,1502.8736572265625,-0.6432953476905823,0.7045392394065857,0.29965904355049133,-0.514343798160553,-0.6876083016395569,0.5124893188476562,0.5671168565750122,0.17555421590805054,0.8047106266021729
4,1650639726.9552164,-129.63560485839844,-156.3661651611328,1541.52685546875,-0.0009524996858090162,0.9987741112709045,0.04949098080396652,-0.9941859245300293,-0.00627465033903718,0.10749426484107971,0.1076730340719223,-0.0491008460521698,0.9929731488227844
300,1650639726.9844506,34.2523193359375,-68.10950469970703,1502.8424072265625,-0.6433137059211731,0.7049230933189392,0.29871538281440735,-0.5155885815620422,-0.6873268485069275,0.5116153359413147,0.5659645795822144,0.1751149296760559,0.805617094039917
4,1650639726.9844751,-122.58029174804688,-155.32427978515625,1540.8026123046875,0.0043473937548696995,0.9987636208534241,-0.049521490931510925,-0.9942858219146729,0.00959946122020483,0.10631828755140305,0.10666222125291824,0.04877630993723869,0.9930981993675232
300,1650639727.0158017,34.2208366394043,-68.18181610107422,1502.8272705078125,-0.643060028553009,0.7048988938331604,0.2993181049823761,-0.5156412720680237,-0.6875184774398804,0.5113046765327454,0.566204845905304,0.174458846449852,0.8055905699729919
4,1650639727.0158288,-118.90043640136719,-155.05975341796875,1539.6220703125,0.010289359837770462,0.9959100484848022,-0.089762382209301,-0.9951987266540527,0.01893685944378376,0.09602519869804382,0.09733227640390396,0.08834337443113327,0.9913232922554016
300,1650639727.0420864,34.148746490478516,-68.43077850341797,1502.8294677734375,-0.6432926654815674,0.7045361399650574,0.29967212677001953,-0.5149680376052856,-0.6878079175949097,0.511593759059906,0.5665531754493713,0.17478296160697937,0.8052753806114197
4,1650639727.0421114,-119.47639465332031,-155.13902282714844,1538.90234375,0.011653435416519642,0.9967953562736511,-0.079140305519104,-0.9956250190734863,0.018904894590377808,0.09150660783052444,0.0927094966173172,0.07772769778966904,0.9926546812057495
300,1650639727.076896,34.18471145629883,-68.27232360839844,1502.8795166015625,-0.6432996392250061,0.7045331001281738,0.2996642291545868,-0.515473484992981,-0.6879651546478271,0.5108727812767029,0.5660853385925293,0.17417532205581665,0.8057358860969543
4,1650639727.0769227,-121.4990463256836,-155.08480834960938,1538.9716796875,0.010595735162496567,0.9986434578895569,-0.050980087369680405,-0.9954920411109924,0.015340326353907585,0.09359628707170486,0.0942513719201088,0.04975854977965355,0.9943041801452637
300,1650639727.1218667,34.21316909790039,-68.30045318603516,1502.819580078125,-0.6434260010719299,0.7046191692352295,0.2991902232170105,-0.5154026746749878,-0.6877299547195435,0.5112608075141907,0.5660062432289124,0.1747550368309021,0.805665910243988
4,1650639727.1218934,-124.53909301757812,-155.193603515625,1539.5587158203125,0.009779511950910091,0.9999231696128845,-0.0076159522868692875,-0.9952816963195801,0.01046881452202797,0.09646082669496536,0.0965331420302391,0.0066366782411932945,0.9953076243400574
300,1650639727.1865373,34.19180679321289,-68.28807830810547,1502.857421875,-0.6431344151496887,0.7045965790748596,0.2998695969581604,-0.5153378844261169,-0.6879018545150757,0.5110947489738464,0.5663965344429016,0.17416846752166748,0.8055186867713928
4,1650639727.1865623,-134.98558044433594,-154.65606689453125,1540.6317138671875,0.004421452060341835,0.9909960031509399,0.13381850719451904,-0.9946020245552063,-0.009515024721622467,0.10332604497671127,0.10366898030042648,-0.13355299830436707,0.9856045246124268
300,1650639727.2275794,34.20035171508789,-68.2027587890625,1502.8555908203125,-0.6431830525398254,0.7046360969543457,0.2996724545955658,-0.5155724883079529,-0.6878812313079834,0.5108858942985535,0.5661277174949646,0.17409029603004456,0.8057245016098022
4,1650639727.2276068,-140.56044006347656,-154.00387573242188,1541.8331298828125,0.0038899355567991734,0.9756975769996643,0.21908704936504364,-0.9947764873504639,-0.018572280183434486,0.10037355124950409,0.10200317203998566,-0.21833308041095734,0.9705287218093872
300,1650639727.2555313,34.20955276489258,-68.2392578125,1502.8570556640625,-0.6433464884757996,0.7045916318893433,0.29942595958709717,-0.5155141353607178,-0.687853217124939,0.5109825134277344,0.5659950971603394,0.17438049614429474,0.8057548999786377
4,1650639727.2555575,-144.14051818847656,-153.57321166992188,1542.4853515625,0.0021020094864070415,0.9618767499923706,0.2734752595424652,-0.9951949119567871,-0.02475874125957489,0.09473166614770889,0.09789109230041504,-0.27236029505729675,0.9572027921676636
300,1650639727.2884533,34.192081451416016,-68.25172424316406,1502.826416015625,-0.6432802677154541,0.7046069502830505,0.2995322048664093,-0.515381395816803,-0.6878210306167603,0.5111597180366516,0.5661912560462952,0.17444561421871185,0.80560302734375
4,1650639727.28848,-142.1706085205078,-153.63856506347656,1541.6837158203125,0.0019987195264548063,0.9707627296447754,0.2400328367948532,-0.9949259757995605,-0.022214476019144058,0.09812641888856888,0.10058967024087906,-0.2390110343694687,0.9657926559448242
300,1650639727.3144007,34.18714141845703,-68.25786590576172,1502.8111572265625,-0.6432498097419739,0.7045562267303467,0.2997169494628906,-0.5154033899307251,-0.6879303455352783,0.5109904408454895,0.5662058591842651,0.17421935498714447,0.8056417107582092
4,1650639727.3144252,-136.3830108642578,-153.5470733642578,1540.260986328125,0.004644306842237711,0.9880647659301758,0.15396907925605774,-0.9947526454925537,-0.011171705089509487,0.10169771313667297,0.10220402479171753,-0.1536334604024887,0.9828281402587891
300,1650639727.3492906,34.19662857055664,-68.22377014160156,1502.8402099609375,-0.6434276700019836,0.7046003937721252,0.29923081398010254,-0.515600860118866,-0.6878222823143005,0.5109366774559021,0.5658237934112549,0.17446714639663696,0.805856466293335
4,1650639727.3493166,-129.67054748535156,-153.067626953125,1538.541748046875,0.007979451678693295,0.9982789754867554,0.05809800326824188,-0.9956907629966736,0.00256377668119967,0.0927003026008606,0.09239181131124496,-0.058587342500686646,0.9939976334571838
300,1650639727.3942063,34.210933685302734,-68.21171569824219,1502.8291015625,-0.6433632969856262,0.704791247844696,0.2989197373390198,-0.5154851078987122,-0.6874943375587463,0.511494517326355,0.5660024881362915,0.17498813569545746,0.8056179881095886
4,1650639727.394233,-124.29656982421875,-152.50221252441406,1537.7103271484375,0.014050071127712727,0.9998062252998352,-0.01378603745251894,-0.9960291385650635,0.0152065334841609,0.08771970123052597,0.08791234344244003,0.0124988267198205,0.9960498213768005
300,1650639727.420315,34.23392868041992,-68.16448974609375,1502.8603515625,-0.643458902835846,0.7045866847038269,0.2991960942745209,-0.5156800746917725,-0.6878537535667419,0.510814368724823,0.5657161474227905,0.17439858615398407,0.8059468865394592
4,1650639727.4203398,-123.85144805908203,-152.49166870117188,1537.86279296875,0.01706702634692192,0.9997254610061646,-0.0160526093095541,-0.9959357976913452,0.018417958170175552,0.08816249668598175,0.08843395113945007,0.014482695609331131,0.9959767460823059
300,1650639727.4551919,34.228389739990234,-68.19800567626953,1502.8487548828125,-0.6435663104057312,0.70465087890625,0.29881352186203003,-0.5156779885292053,-0.6876866817474365,0.5110412836074829,0.565595805644989,0.1747974157333374,0.8059449791908264
4,1650639727.4552178,-127.08228302001953,-152.93553161621094,1538.9056396484375,0.014642888680100441,0.9995324015617371,0.0268431194126606,-0.9949861764907837,0.01190949510782957,0.09930089116096497,0.09893476963043213,-0.028162585571408272,0.9946953058242798
300,1650639727.484534,34.23185348510742,-68.18069458007812,1502.8489990234375,-0.643333375453949,0.7045942544937134,0.2994479537010193,-0.5156150460243225,-0.6878867149353027,0.5108355283737183,0.5659180879592896,0.1742376834154129,0.8058398962020874
4,1650639727.4845707,-133.3996124267578,-153.16375732421875,1540.5587158203125,0.011290826834738255,0.9932371973991394,0.11555241793394089,-0.9941419363021851,-0.0012722414685413241,0.10807494819164276,0.10749106854200363,-0.11609575897455215,0.9874044060707092
300,1650639727.5161152,34.244903564453125,-68.16144561767578,1502.8660888671875,-0.6434336304664612,0.7047112584114075,0.29895681142807007,-0.515640377998352,-0.6876419186592102,0.511139452457428,0.5657809972763062,0.17473013699054718,0.8058295845985413
4,1650639727.5161414,-139.30728149414062,-153.20599365234375,1542.5159912109375,0.007372419349849224,0.9795415997505188,0.20110656321048737,-0.9936757683753967,-0.01535788830369711,0.11123199760913849,0.11204494535923004,-0.2006547749042511,0.9732335805892944
300,1650639727.5420856,34.226104736328125,-68.22913360595703,1502.88232421875,-0.6432932019233704,0.7045722603797913,0.2995860278606415,-0.5154780149459839,-0.6879031658172607,0.5109516978263855,0.5660886168479919,0.17426173388957977,0.8057149052619934
4,1650639727.5421112,-142.02891540527344,-153.24961853027344,1543.464111328125,0.004186236299574375,0.9707985520362854,0.2398596554994583,-0.9938024878501892,-0.022605564445257187,0.1088375672698021,0.11108151078224182,-0.23882874846458435,0.9646873474121094
300,1650639727.5772324,34.23395919799805,-68.19141387939453,1502.871826171875,-0.6433156728744507,0.7047858834266663,0.29903483390808105,-0.5154720544815063,-0.687524676322937,0.5114668607711792,0.5660684704780579,0.17489053308963776,0.8055928349494934
4,1650639727.5772576,-141.8578338623047,-153.17677307128906,1543.4891357421875,0.00377295701764524,0.9715573191642761,0.2367744892835617,-0.9936609268188477,-0.02296074852347374,0.11004869639873505,0.11235513538122177,-0.23568877577781677,0.9653119444847107
300,1650639727.6222448,34.21866226196289,-68.23697662353516,1502.8603515625,-0.6432427167892456,0.7046377062797546,0.29954060912132263,-0.5153670907020569,-0.68778395652771,0.5112240314483643,0.5662469863891602,0.1744677573442459,0.8055590391159058
4,1650639727.6222699,-132.87339782714844,-153.1634979248047,1541.322021484375,0.009655622765421867,0.9939488172531128,0.10941919684410095,-0.9938101768493652,-0.0025720023550093174,0.11106181889772415,0.11067118495702744,-0.10981427878141403,0.9877715706825256
300,1650639727.6867466,34.232391357421875,-68.19386291503906,1502.849853515625,-0.6434893012046814,0.704719603061676,0.29881736636161804,-0.5154726505279541,-0.68754643201828,0.5114370584487915,0.5658705234527588,0.1750721037387848,0.8056924343109131
4,1650639727.686772,-120.33424377441406,-152.22607421875,1539.659912109375,0.02087435871362686,0.998112142086029,-0.05776185542345047,-0.9945998191833496,0.02660629339516163,0.10031586140394211,0.10166330635547638,0.05535590276122093,0.9932775497436523
300,1650639727.7277699,34.24477005004883,-68.16432189941406,1502.8663330078125,-0.6435156464576721,0.7045376896858215,0.29918932914733887,-0.515730082988739,-0.6879228949546814,0.5106707215309143,0.5656059384346008,0.1743236780166626,0.8060404062271118
4,1650639727.7277951,-121.06478118896484,-152.02484130859375,1539.41455078125,0.02263103798031807,0.9987454414367676,-0.044669270515441895,-0.9947773814201355,0.026944242417812347,0.09844785183668137,0.09952792525291443,0.042208001017570496,0.9941391348838806
300,1650639727.756003,34.25052261352539,-68.16520690917969,1502.87158203125,-0.6435059309005737,0.7046433687210083,0.2989613115787506,-0.51561439037323,-0.6877118349075317,0.5110716819763184,0.5657224655151367,0.17472891509532928,0.8058708906173706
4,1650639727.7560263,-124.82066345214844,-152.25106811523438,1540.263916015625,0.02127162367105484,0.9997569918632507,0.005787055008113384,-0.9942936897277832,0.02054945006966591,0.10467931628227234,0.10453495383262634,-0.007980731315910816,0.9944891929626465
300,1650639727.788436,34.26036071777344,-68.1543197631836,1502.88330078125,-0.64347904920578,0.7045430541038513,0.29925549030303955,-0.5156437158584595,-0.6879064440727234,0.5107800960540771,0.5657263398170471,0.1743670552968979,0.8059465885162354
4,1650639727.7884622,-131.7230224609375,-152.4243927001953,1542.089111328125,0.019600020721554756,0.9943220615386963,0.10459180176258087,-0.9930633902549744,0.00723046250641346,0.11735771596431732,0.11593512445688248,-0.10616650432348251,0.9875665903091431
300,1650639727.8148158,34.27766799926758,-68.11125183105469,1502.8809814453125,-0.6434948444366455,0.7046199440956116,0.299040287733078,-0.5157355070114136,-0.6877950429916382,0.5108373761177063,0.5656246542930603,0.17449551820755005,0.8059900999069214
4,1650639727.8148396,-137.46536254882812,-152.24603271484375,1543.6319580078125,0.017992930486798286,0.9811304211616516,0.19250799715518951,-0.9929782748222351,-0.004980331752449274,0.11819219589233398,0.11692071706056595,-0.1932828724384308,0.9741515517234802
300,1650639727.8493109,34.282779693603516,-68.12027740478516,1502.86572265625,-0.6435759663581848,0.7046142220497131,0.29887908697128296,-0.5157673358917236,-0.6877718567848206,0.5108364820480347,0.5655032992362976,0.17461001873016357,0.8060504794120789
4,1650639727.849337,-143.74456787109375,-151.79794311523438,1545.82861328125,0.015444459393620491,0.9557672142982483,0.29371845722198486,-0.9932371973991394,-0.01914152503013611,0.11451392620801926,0.1150708720088005,-0.29350072145462036,0.9490079283714294
300,1650639727.8942153,34.29331970214844,-68.10806274414062,1502.859619140625,-0.6437516808509827,0.7046651840209961,0.2983802556991577,-0.5157763361930847,-0.6875945329666138,0.5110660791397095,0.5652951002120972,0.1751021444797516,0.8060897588729858
4,1650639727.8942413,-146.4396514892578,-151.38706970214844,1546.9923095703125,0.013557545840740204,0.9410421848297119,0.33801737427711487,-0.9933669567108154,-0.025927696377038956,0.11202581971883774,0.11418504267930984,-0.3372941017150879,0.934448778629303
300,1650639727.9202113,34.293827056884766,-68.12095642089844,1502.85302734375,-0.643792986869812,0.7047429084777832,0.298107385635376,-0.5158776640892029,-0.6874707341194153,0.5111303329467773,0.565155565738678,0.17527516186237335,0.806149959564209
4,1650639727.920236,-145.80181884765625,-151.31846618652344,1546.8385009765625,0.012638330459594727,0.9449564814567566,0.32695186138153076,-0.9934282302856445,-0.025332853198051453,0.11161801218986511,0.11375679075717926,-0.32621389627456665,0.9384262561798096
300,1650639727.9553661,34.27717971801758,-68.13313293457031,1502.8653564453125,-0.6438180804252625,0.7047539949417114,0.29802700877189636,-0.5157321095466614,-0.6873932480812073,0.5113813877105713,0.5652598142623901,0.1755344420671463,0.8060204386711121
4,1650639727.955392,-142.8684844970703,-151.18399047851562,1545.47021484375,0.013050306588411331,0.9600617289543152,0.2794836461544037,-0.99343341588974,-0.01932399533689022,0.11276809871196747,0.11366507411003113,-0.2791200578212738,0.9535052180290222
300,1650639727.9842446,34.281620025634766,-68.11560821533203,1502.8597412109375,-0.6437289714813232,0.7047240734100342,0.29829010367393494,-0.5157405734062195,-0.6874945759773254,0.5112366080284119,0.5653535723686218,0.17525748908519745,0.8060149550437927
4,1650639727.984268,-137.9708709716797,-150.84115600585938,1543.542724609375,0.015617082826793194,0.9792410135269165,0.20209693908691406,-0.9935227632522583,-0.007555055897682905,0.11338196694850922,0.1125551238656044,-0.20255859196186066,0.9727802276611328
300,1650639728.016074,34.25727462768555,-68.16732788085938,1502.85888671875,-0.6436886787414551,0.7044532299041748,0.29901593923568726,-0.5156782865524292,-0.6879599690437317,0.5106730461120605,0.5654562711715698,0.1745184361934662,0.8061032891273499
4,1650639728.0160992,-131.29116821289062,-149.9231719970703,1541.436279296875,0.01643487811088562,0.9945545792579651,0.10291317105293274,-0.9938729405403137,0.004998168908059597,0.11041568964719772,0.10930005460977554,-0.10409728437662125,0.9885429739952087
300,1650639728.0611644,34.174530029296875,-68.3610610961914,1502.8934326171875,-0.6431791186332703,0.7045974135398865,0.2997716963291168,-0.5152682065963745,-0.6878555417060852,0.5112273693084717,0.5664091110229492,0.17434793710708618,0.8054710030555725
4,1650639728.0611908,-125.94303894042969,-143.3863983154297,1540.7847900390625,0.013295913115143776,0.9995847940444946,0.025562837719917297,-0.9935694932937622,0.010332462377846241,0.11275126039981842,0.1124403178691864,-0.02689758688211441,0.993294358253479
300,1650639728.0904133,34.3062629699707,-68.04581451416016,1502.86279296875,-0.6437770128250122,0.704580545425415,0.2985253632068634,-0.5159146189689636,-0.6877686977386475,0.5106919407844543,0.5651400089263916,0.17475813627243042,0.8062731027603149
4,1650639728.0904384,-126.4126968383789,-141.77322387695312,1540.4910888671875,0.019911300390958786,0.9991664886474609,0.03563481941819191,-0.9934121370315552,0.015748372301459312,0.11350923776626587,0.11285343766212463,-0.037660177797079086,0.9928976893424988
300,1650639728.1221254,34.14772415161133,-68.40383911132812,1502.845947265625,-0.6432575583457947,0.7044264078140259,0.3000052273273468,-0.5151419043540955,-0.6880670189857483,0.5110700130462646,0.566434919834137,0.17420439422130585,0.805483877658844
4,1650639728.122155,-127.13777923583984,-142.6433563232422,1540.7918701171875,0.022104520350694656,0.9983395934104919,0.0531928688287735,-0.9930208921432495,0.015759184956550598,0.11688096076250076,0.1158486157655716,-0.05540522560477257,0.9917203783988953
