300,1648569196.1127636,301.289794921875,-22.690155029296875,1551.9639892578125,0.9968641400337219,-0.017215855419635773,-0.07723647356033325,0.006889811716973782,0.9912234544754028,-0.1320173442363739,0.07883139699697495,0.13107122480869293,0.988233745098114
4,1648569196.1127899,84.3682861328125,-18.638565063476562,1485.3216552734375,0.11457047611474991,-0.9932743906974792,0.016720715910196304,-0.9397934675216675,-0.10291583836078644,0.32587820291519165,-0.32196566462516785,-0.05305004119873047,-0.9452638626098633
410,1648569196.1128075,133.82659912109375,-109.37007141113281,1443.0330810546875,0.1297452300786972,0.7725293636322021,-0.6215822696685791,-0.9375591278076172,-0.1084500402212143,-0.3304866850376129,-0.32272130250930786,0.6256492137908936,0.7102211117744446
300,1648569196.1481776,301.2824401855469,-22.691991806030273,1551.9307861328125,0.9968701004981995,-0.017219197005033493,-0.07715921849012375,0.006868261843919754,0.9911649227142334,-0.13245728611946106,0.07875831425189972,0.13151276111602783,0.988180935382843
4,1648569196.148203,84.14666748046875,-18.772193908691406,1485.3887939453125,0.11337050050497055,-0.9934626221656799,0.013386096805334091,-0.94073885679245,-0.10300017893314362,0.32311204075813293,-0.31962093710899353,-0.04922419413924217,-0.9462660551071167
410,1648569196.1482213,133.6899871826172,-109.21733093261719,1443.1058349609375,0.1278749704360962,0.7719861268997192,-0.6226438283920288,-0.9376528263092041,-0.11047913134098053,-0.3295474350452423,-0.323195219039917,0.6259646415710449,0.7097274661064148
300,1648569196.1803126,301.2787780761719,-22.690357208251953,1551.9356689453125,0.9968726634979248,-0.017131635919213295,-0.07714541256427765,0.006824360229074955,0.9912344217300415,-0.13193850219249725,0.07872951030731201,0.13099941611289978,0.9882513880729675
4,1648569196.1803398,84.04039764404297,-18.811050415039062,1485.446533203125,0.11213234066963196,-0.993632972240448,0.010948906652629375,-0.9412745833396912,-0.10267937183380127,0.32165053486824036,-0.3184783458709717,-0.04637335613369942,-0.9467951655387878
410,1648569196.1803591,133.53504943847656,-108.8367691040039,1442.999755859375,0.1276998370885849,0.7736081480979919,-0.6206635236740112,-0.9371136426925659,-0.11083681881427765,-0.33095794916152954,-0.32482415437698364,0.623895525932312,0.7108049392700195
300,1648569196.2272947,301.283447265625,-22.69390106201172,1551.9658203125,0.9968642592430115,-0.017136884853243828,-0.07725305110216141,0.006843899376690388,0.9912818074226379,-0.1315811276435852,0.0788344293832779,0.13063980638980865,0.9882906079292297
4,1648569196.227322,84.2295913696289,-18.707609176635742,1485.286376953125,0.11490689963102341,-0.9932947754859924,0.01272543054074049,-0.9405455589294434,-0.1046648845076561,0.3231397867202759,-0.3196411728858948,-0.049099840223789215,-0.946265697479248
410,1648569196.2273421,133.41217041015625,-108.48046875,1442.760009765625,0.12573231756687164,0.7749485969543457,-0.619391679763794,-0.9374056458473206,-0.11157358437776566,-0.3298816978931427,-0.3247491121292114,0.6220980882644653,0.7124128341674805
300,1648569196.277568,301.2767333984375,-22.689748764038086,1551.9482421875,0.9968392252922058,-0.0171901173889637,-0.07756336778402328,0.006763505283743143,0.9911282658576965,-0.1327364444732666,0.07915700227022171,0.13179229199886322,0.9881117939949036
4,1648569196.2775953,84.40872192382812,-18.522829055786133,1485.1536865234375,0.11566007137298584,-0.9931492209434509,0.016655603423714638,-0.9391950964927673,-0.10388784855604172,0.32729172706604004,-0.3233192265033722,-0.053497448563575745,-0.9447765350341797
410,1648569196.2776136,133.19805908203125,-108.27227783203125,1442.912841796875,0.12691263854503632,0.7728716135025024,-0.6217415928840637,-0.9373446702957153,-0.11158986389636993,-0.3300495445728302,-0.3244659900665283,0.6246736645698547,0.710284948348999
300,1648569196.311963,301.2878112792969,-22.69777488708496,1551.9195556640625,0.9967771172523499,-0.017287546768784523,-0.07833560556173325,0.006786633748561144,0.9911755323410034,-0.1323820948600769,0.07993289083242416,0.13142381608486176,0.9880984425544739
4,1648569196.3119905,84.07564544677734,-18.752338409423828,1485.330078125,0.1129031553864479,-0.9935120940208435,0.01366055104881525,-0.9406996965408325,-0.10245487093925476,0.3233991861343384,-0.31990140676498413,-0.04936326667666435,-0.9461640119552612
410,1648569196.3120105,133.05422973632812,-108.22589874267578,1443.0867919921875,0.12665535509586334,0.7725923657417297,-0.6221410632133484,-0.9374450445175171,-0.11180747300386429,-0.329690545797348,-0.3242764174938202,0.6249801516532898,0.710101842880249
300,1648569196.3595235,301.28411865234375,-22.69086265563965,1551.93115234375,0.9968240261077881,-0.01716539077460766,-0.0777636244893074,0.006742742378264666,0.9911790490150452,-0.1323581337928772,0.07934965938329697,0.13141342997550964,0.9881468415260315
4,1648569196.3595502,84.07623291015625,-18.647695541381836,1485.2886962890625,0.11257670819759369,-0.9935305118560791,0.014953072182834148,-0.939777135848999,-0.10157427936792374,0.3263457715511322,-0.3227156400680542,-0.05079148709774017,-0.9451321959495544
410,1648569196.3595686,132.82504272460938,-108.14937591552734,1443.2696533203125,0.12665778398513794,0.7723092436790466,-0.6224920153617859,-0.9381219744682312,-0.11064549535512924,-0.3281536102294922,-0.32231199741363525,0.6255366206169128,0.7105061411857605
300,1648569196.3918793,301.28631591796875,-22.69112205505371,1551.958251953125,0.9968523979187012,-0.01715041883289814,-0.07740239053964615,0.006784474011510611,0.9911935329437256,-0.13224740326404572,0.07898885011672974,0.1313060075044632,0.9881899952888489
4,1648569196.391906,83.89802551269531,-18.77421760559082,1485.3763427734375,0.11288158595561981,-0.9935072660446167,0.014177964068949223,-0.9406875371932983,-0.10226377099752426,0.3234950304031372,-0.3199447989463806,-0.04985366761684418,-0.9461236596107483
410,1648569196.3919253,132.7775421142578,-108.01163482666016,1443.3817138671875,0.12581056356430054,0.7722948789596558,-0.6226814985275269,-0.9381775856018066,-0.11141091585159302,-0.3277353346347809,-0.32248184084892273,0.6254184246063232,0.710533082485199
300,1648569196.4236956,301.2817687988281,-22.69040870666504,1551.93310546875,0.9968525171279907,-0.01723024621605873,-0.0773833841085434,0.006899724248796701,0.9912483096122742,-0.13182993233203888,0.07897761464118958,0.13088107109069824,0.988247275352478
4,1648569196.423721,83.6894760131836,-18.9499454498291,1485.5042724609375,0.109403096139431,-0.9939566254615784,0.009013456292450428,-0.9419578313827515,-0.1007755771279335,0.32024940848350525,-0.31740567088127136,-0.04352657124400139,-0.9472903609275818
410,1648569196.4237413,132.69276428222656,-107.81285095214844,1443.6981201171875,0.12488311529159546,0.7725641131401062,-0.6225342750549316,-0.9376976490020752,-0.11314171552658081,-0.328514963388443,-0.3242334723472595,0.6247748732566833,0.7103020548820496
300,1648569196.45988,301.2818603515625,-22.69029426574707,1551.9595947265625,0.9968021512031555,-0.017148457467556,-0.0780472531914711,0.0066785975359380245,0.9911631941795349,-0.1324797421693802,0.07962939143180847,0.13153484463691711,0.9881081581115723
4,1648569196.4599068,83.69945526123047,-18.96922492980957,1485.5833740234375,0.1102399230003357,-0.9938530325889587,0.010162134654819965,-0.9420692920684814,-0.10122624039649963,0.31977906823158264,-0.31678470969200134,-0.044825851917266846,-0.9474376440048218
410,1648569196.459925,132.58448791503906,-107.62458801269531,1443.98876953125,0.12559786438941956,0.7717576026916504,-0.623390257358551,-0.9383829832077026,-0.11151152849197388,-0.3271125257015228,-0.3219667673110962,0.6260634064674377,0.7101985216140747
300,1648569196.4923506,301.2801513671875,-22.695114135742188,1551.9569091796875,0.9968299865722656,-0.017198028042912483,-0.07768018543720245,0.006834384985268116,0.9912583827972412,-0.13175779581069946,0.07926710695028305,0.1308092176914215,0.9882336258888245
4,1648569196.4923775,83.79219818115234,-18.911148071289062,1485.48486328125,0.10968391597270966,-0.9938948750495911,0.011931773275136948,-0.9418371915817261,-0.1000874787569046,0.3208196461200714,-0.31766679883003235,-0.04642654210329056,-0.9470651745796204
410,1648569196.492397,132.3943328857422,-107.35197448730469,1444.1458740234375,0.12405896186828613,0.7728815674781799,-0.6223049759864807,-0.9384950995445251,-0.11227160692214966,-0.32653024792671204,-0.32223638892173767,0.6245391368865967,0.7114172577857971
300,1648569196.5374937,301.28271484375,-22.681732177734375,1551.936279296875,0.9968491792678833,-0.017144419252872467,-0.07744525372982025,0.006781140808016062,0.9912073612213135,-0.13214367628097534,0.07902983576059341,0.13120214641094208,0.9882005453109741
4,1648569196.5375187,83.67234802246094,-18.90935516357422,1485.5072021484375,0.10929647833108902,-0.9939553141593933,0.010351607576012611,-0.9420045614242554,-0.10024835914373398,0.32027754187583923,-0.3173038363456726,-0.04475646838545799,-0.9472671747207642
410,1648569196.537537,132.28045654296875,-107.21540832519531,1444.1856689453125,0.12241064012050629,0.7740228772163391,-0.6212118864059448,-0.938862681388855,-0.11263518780469894,-0.32534629106521606,-0.321795791387558,0.6230584979057312,0.712913453578949
300,1648569196.5717652,301.2869567871094,-22.682859420776367,1551.9603271484375,0.9968567490577698,-0.017199251800775528,-0.07733595371246338,0.006858510430902243,0.9912208914756775,-0.13203828036785126,0.07892797142267227,0.131092831492424,0.9882231950759888
4,1648569196.571792,83.69998931884766,-18.77608299255371,1485.39404296875,0.10930995643138885,-0.9939420223236084,0.01142880693078041,-0.9414069652557373,-0.09982800483703613,0.32216039299964905,-0.3190678358078003,-0.0459744967520237,-0.9466161131858826
410,1648569196.5718107,132.04408264160156,-107.20491027832031,1444.03662109375,0.12160807102918625,0.7744524478912354,-0.6208339929580688,-0.938835859298706,-0.11327502876520157,-0.32520148158073425,-0.32217806577682495,0.6224083304405212,0.713308572769165
300,1648569196.6155105,301.2806396484375,-22.68332290649414,1551.9449462890625,0.9968723058700562,-0.017144830897450447,-0.07714737206697464,0.006818459834903479,0.9912030696868896,-0.13217397034168243,0.07873481512069702,0.1312345415353775,0.9882197976112366
4,1648569196.6155381,83.56578826904297,-18.75587272644043,1485.37451171875,0.10662584751844406,-0.9942200779914856,0.012543094344437122,-0.9415616393089294,-0.09690853953361511,0.3225993812084198,-0.3195192515850067,-0.04620753228664398,-0.9464524984359741
410,1648569196.6155577,131.78146362304688,-107.1376953125,1443.9085693359375,0.12229698896408081,0.7746782898902893,-0.6204167604446411,-0.9390484690666199,-0.11204732954502106,-0.32501286268234253,-0.32129645347595215,0.6223495006561279,0.7137574553489685
300,1648569196.651972,301.2831115722656,-22.68543815612793,1551.942626953125,0.9968054294586182,-0.017325537279248238,-0.07796618342399597,0.006870056968182325,0.9911696314811707,-0.13242195546627045,0.07957199960947037,0.13146330416202545,0.988122284412384
4,1648569196.6519983,83.58612823486328,-18.671838760375977,1485.2537841796875,0.10832840204238892,-0.9940159320831299,0.014045055955648422,-0.9412548542022705,-0.09801233559846878,0.3231607973575592,-0.3198503851890564,-0.048227470368146896,-0.9462398290634155
410,1648569196.6520162,131.56689453125,-107.16678619384766,1443.79638671875,0.12140358239412308,0.7759765386581421,-0.61896812915802,-0.9392997622489929,-0.11178675293922424,-0.32437577843666077,-0.32090044021606445,0.6207770109176636,0.7153033018112183
300,1648569196.6908083,301.2701416015625,-22.677532196044922,1551.912841796875,0.9968886971473694,-0.01715574786067009,-0.07693211734294891,0.006872850935906172,0.9912280440330505,-0.13198377192020416,0.07852154970169067,0.131044402718544,0.9882619976997375
4,1648569196.6908355,83.55658721923828,-18.610355377197266,1485.1976318359375,0.10914105921983719,-0.9939049482345581,0.015529187396168709,-0.9409516453742981,-0.09826444834470749,0.32396620512008667,-0.32046565413475037,-0.04997022822499275,-0.9459412097930908
410,1648569196.6908553,131.4014129638672,-107.17742156982422,1443.70361328125,0.12048444151878357,0.7758038640022278,-0.6193640232086182,-0.9393472671508789,-0.11271591484546661,-0.32391640543937683,-0.32110780477523804,0.6208248138427734,0.7151687741279602
300,1648569196.7236059,301.2735900878906,-22.676362991333008,1551.9296875,0.9968602657318115,-0.017138903960585594,-0.07730376720428467,0.006743862759321928,0.9911231398582458,-0.13277588784694672,0.07889318466186523,0.13183768093585968,0.9881268739700317
4,1648569196.7236328,83.57090759277344,-18.540987014770508,1485.1435546875,0.10582497715950012,-0.9942501187324524,0.016362683847546577,-0.9411014318466187,-0.09482668340206146,0.3245551288127899,-0.32113736867904663,-0.04974498599767685,-0.9457252621650696
410,1648569196.723653,131.28839111328125,-107.17489624023438,1443.5872802734375,0.12027724087238312,0.7765931487083435,-0.6184144616127014,-0.9396793842315674,-0.11187025159597397,-0.3232455551624298,-0.3202124536037445,0.6199904084205627,0.7162931561470032
300,1648569196.766537,301.27655029296875,-22.679737091064453,1551.953369140625,0.9968488216400146,-0.017178794369101524,-0.07744237035512924,0.006826492957770824,0.9912250638008118,-0.13200874626636505,0.07903057336807251,0.13106410205364227,0.9882187843322754
4,1648569196.7665646,83.578125,-18.54111671447754,1485.15576171875,0.10511871427297592,-0.9943487048149109,0.01485712081193924,-0.941142201423645,-0.09464555233716965,0.32448965311050415,-0.32124969363212585,-0.04809259995818138,-0.9457725286483765
410,1648569196.7665827,131.04052734375,-107.17753601074219,1443.5133056640625,0.11995646357536316,0.7780278921127319,-0.6166709661483765,-0.9397647976875305,-0.11127883940935135,-0.32320135831832886,-0.3200820982456207,0.6182957887649536,0.717814564704895
300,1648569196.7996314,301.2762756347656,-22.677309036254883,1551.956787109375,0.9968593120574951,-0.01720448210835457,-0.07730116695165634,0.006792876869440079,0.9910950660705566,-0.13298290967941284,0.07890070229768753,0.13204015791416168,0.988099217414856
4,1648569196.7996578,83.25053405761719,-18.698200225830078,1485.3468017578125,0.10623304545879364,-0.9942553043365479,0.013076101429760456,-0.9419363737106323,-0.09641266614198685,0.32165274024009705,-0.3185442388057709,-0.04648700729012489,-0.9467673897743225
410,1648569196.7996762,130.909423828125,-107.23982238769531,1443.5072021484375,0.11920830607414246,0.7788166999816895,-0.6158196926116943,-0.9401346445083618,-0.11090818047523499,-0.3222517967224121,-0.31927451491355896,0.6173685193061829,0.7189713716506958
300,1648569196.8483555,301.2781677246094,-22.682804107666016,1551.9681396484375,0.9968782067298889,-0.017157478258013725,-0.07706809043884277,0.006825459189713001,0.9911761283874512,-0.132375568151474,0.07865928113460541,0.131436288356781,0.98819899559021
4,1648569196.8483803,83.33883666992188,-18.61005973815918,1485.24462890625,0.10487564653158188,-0.9943755269050598,0.014780317433178425,-0.9416279792785645,-0.09450964629650116,0.32311707735061646,-0.31990280747413635,-0.04780467227101326,-0.9462435841560364
410,1648569196.8484008,130.6331024169922,-107.32221984863281,1443.844482421875,0.11980728060007095,0.7785693407058716,-0.6160162687301636,-0.9392953515052795,-0.11204954236745834,-0.32429787516593933,-0.32151269912719727,0.6174744367599487,0.7178822159767151
300,1648569196.897074,301.26904296875,-22.677915573120117,1551.99951171875,0.9969006776809692,-0.017026713117957115,-0.07680587470531464,0.00673120329156518,0.991178572177887,-0.13236191868782043,0.07838203012943268,0.13143469393253326,0.9882212281227112
4,1648569196.8971014,82.98617553710938,-18.77466583251953,1485.45166015625,0.10242723673582077,-0.9946883916854858,0.010184059850871563,-0.9422210454940796,-0.09373165667057037,0.32161134481430054,-0.3189484775066376,-0.042537394911050797,-0.9468169808387756
410,1648569196.89712,130.48403930664062,-107.45919036865234,1444.0391845703125,0.11841104924678802,0.7788510918617249,-0.6159300208091736,-0.9397114515304565,-0.11251159012317657,-0.3229295313358307,-0.32081329822540283,0.617034912109375,0.7185726761817932
300,1648569196.9468613,301.2825622558594,-22.681442260742188,1551.956298828125,0.9968326687812805,-0.01712537184357643,-0.07766150683164597,0.006751540116965771,0.9912372827529907,-0.13192057609558105,0.07924017310142517,0.13097840547561646,0.9882133603096008
4,1648569196.9468856,83.02078247070312,-18.799230575561523,1485.5460205078125,0.10323970019817352,-0.9946140646934509,0.00918639451265335,-0.9424343109130859,-0.09486190229654312,0.32065364718437195,-0.3180551826953888,-0.04176175966858864,-0.9471519589424133
410,1648569196.9469032,130.5484161376953,-107.43767547607422,1443.8382568359375,0.11557818949222565,0.779525876045227,-0.6156143546104431,-0.9404535293579102,-0.11357937008142471,-0.32038557529449463,-0.3196699619293213,0.6159862875938416,0.7199805974960327
300,1648569196.995595,301.2792053222656,-22.6773681640625,1551.9432373046875,0.9967796802520752,-0.017233887687325478,-0.07831550389528275,0.006667857524007559,0.9910635352134705,-0.13322384655475616,0.07991160452365875,0.1322726309299469,0.9879868626594543
4,1648569196.9956224,82.94922637939453,-18.90721321105957,1485.64599609375,0.10307686030864716,-0.9946461319923401,0.007365222554653883,-0.9430084228515625,-0.09536480158567429,0.3188113570213318,-0.3164021074771881,-0.03980753943324089,-0.9477895498275757
410,1648569196.9956412,130.25820922851562,-107.47901916503906,1443.63916015625,0.11346090584993362,0.781617283821106,-0.6133522987365723,-0.9407069683074951,-0.11412253230810165,-0.3194471001625061,-0.31968268752098083,0.6132295727729797,0.7223243713378906
300,1648569197.0481727,301.2865905761719,-22.678930282592773,1551.9718017578125,0.9967979788780212,-0.01737126149237156,-0.07805156707763672,0.006972088944166899,0.9912810325622559,-0.1315801590681076,0.07965674996376038,0.13061465322971344,0.9882280230522156
4,1648569197.0482035,82.74250030517578,-18.830026626586914,1485.505615234375,0.1023796796798706,-0.9946926832199097,0.010240932926535606,-0.9422972202301025,-0.09367779642343521,0.32140374183654785,-0.3187386095523834,-0.04255521669983864,-0.9468868970870972
410,1648569197.0482361,129.75308227539062,-107.6643295288086,1444.0325927734375,0.11513185501098633,0.7801755666732788,-0.6148746013641357,-0.9400968551635742,-0.11437331885099411,-0.32114899158477783,-0.3208778500556946,0.6150161623954773,0.7202725410461426
300,1648569197.0965173,301.2799072265625,-22.668338775634766,1551.97216796875,0.9968010187149048,-0.017239049077033997,-0.07804197072982788,0.006767468061298132,0.9911594390869141,-0.1325034201145172,0.07963626831769943,0.13155138492584229,0.9881054162979126
4,1648569197.0965502,82.07569122314453,-18.98666000366211,1485.6942138671875,0.0972047820687294,-0.9952446222305298,0.006275472231209278,-0.9433070421218872,-0.09011777490377426,0.319453626871109,-0.3173689842224121,-0.03697211667895317,-0.9475811123847961
410,1648569197.0965698,129.11170959472656,-107.8960952758789,1444.326416015625,0.11428090929985046,0.7799916863441467,-0.6152665019035339,-0.9406659007072449,-0.11422725766897202,-0.31953057646751404,-0.31951138377189636,0.6152764558792114,0.7206575870513916
300,1648569197.1486933,301.28021240234375,-22.6732234954834,1551.9830322265625,0.9968204498291016,-0.017229557037353516,-0.07779581099748611,0.006799658760428429,0.9911742806434631,-0.1323908567428589,0.07939024269580841,0.1314409226179123,0.9881399273872375
4,1648569197.1487174,81.6951675415039,-19.0701961517334,1485.723876953125,0.09304051101207733,-0.9956594109535217,0.0024087876081466675,-0.9442000985145569,-0.08746359497308731,0.3175472915172577,-0.31595826148986816,-0.031819138675928116,-0.9482393860816956
410,1648569197.1487348,128.6742706298828,-108.06605529785156,1444.1763916015625,0.10962267220020294,0.7811194062232971,-0.6146831512451172,-0.9417545795440674,-0.11618305742740631,-0.31559431552886963,-0.3179326057434082,0.6134769320487976,0.7228865027427673
300,1648569197.1973214,301.27227783203125,-22.67421531677246,1551.975341796875,0.99689120054245,-0.017185291275382042,-0.076893150806427,0.006939143408089876,0.9912807941436768,-0.13158360123634338,0.07848400622606277,0.13064095377922058,0.9883183836936951
4,1648569197.1973479,81.8265609741211,-19.01160430908203,1485.65185546875,0.09358040988445282,-0.9955974221229553,0.005335820838809013,-0.9441819787025452,-0.08704487979412079,0.31771615147590637,-0.31585291028022766,-0.034769993275403976,-0.9481708407402039
410,1648569197.197367,128.24855041503906,-108.0645751953125,1443.740966796875,0.10599281638860703,0.7828882932662964,-0.6130672693252563,-0.942042350769043,-0.11830379068851471,-0.3139433264732361,-0.3183107376098633,0.6108110547065735,0.7249745726585388
300,1648569197.2495916,301.27154541015625,-22.667577743530273,1551.97216796875,0.9968658685684204,-0.01717725582420826,-0.07722292840480804,0.006780926138162613,0.9911030530929565,-0.1329236924648285,0.0788191482424736,0.1319834440946579,0.988113284111023
4,1648569197.2496169,82.10155487060547,-18.851890563964844,1485.4990234375,0.0968857929110527,-0.9952535033226013,0.009146563708782196,-0.9431965351104736,-0.08887612819671631,0.32012709975242615,-0.31779468059539795,-0.03964277356863022,-0.9473304748535156
410,1648569197.249635,127.82466888427734,-108.11389923095703,1443.697509765625,0.10212190449237823,0.7842247486114502,-0.6120152473449707,-0.9415303468704224,-0.1223776638507843,-0.31391775608062744,-0.3210790753364563,0.6082888245582581,0.7258739471435547
300,1648569197.2981944,301.2757263183594,-22.660484313964844,1551.9234619140625,0.996712327003479,-0.017411358654499054,-0.07912886887788773,0.006753807421773672,0.9910921454429626,-0.13300654292106628,0.080739825963974,0.13203483819961548,0.9879513382911682
4,1648569197.2982225,81.69551086425781,-19.011701583862305,1485.692138671875,0.09208839386701584,-0.9957245588302612,0.007234559394419193,-0.944068431854248,-0.08499616384506226,0.31860700249671936,-0.31662991642951965,-0.03616992384195328,-0.9478592872619629
410,1648569197.2982419,127.56446075439453,-108.2164535522461,1443.9326171875,0.10232193022966385,0.7837792038917542,-0.6125523447990417,-0.9417908191680908,-0.12191697955131531,-0.3133150041103363,-0.3202503025531769,0.6089552044868469,0.7256812453269958
300,1648569197.3504355,301.2728576660156,-22.66688346862793,1551.9239501953125,0.9968107342720032,-0.017171256244182587,-0.07793281972408295,0.006669532973319292,0.9910852313041687,-0.1330622434616089,0.07952291518449783,0.1321180909872055,0.9880388975143433
4,1648569197.3504605,81.3828125,-19.202106475830078,1485.98974609375,0.09019093215465546,-0.9959219694137573,0.002250591292977333,-0.9443961977958679,-0.08480683714151382,0.31768473982810974,-0.31619834899902344,-0.030777733772993088,-0.9481937289237976
410,1648569197.3505206,127.41941833496094,-108.29537200927734,1444.08349609375,0.10229672491550446,0.7859224081039429,-0.6098043322563171,-0.9412563443183899,-0.12185150384902954,-0.31494244933128357,-0.32182589173316956,0.6061998009681702,0.7272894382476807
300,1648569197.3991277,301.2623596191406,-22.668588638305664,1551.9498291015625,0.9968482255935669,-0.017097214236855507,-0.07746834307909012,0.006833227351307869,0.9913763403892517,-0.13086742162704468,0.07903774827718735,0.12992559373378754,0.9883685111999512
4,1648569197.399155,81.69561004638672,-19.15522575378418,1485.876220703125,0.09462292492389679,-0.9954944252967834,0.00610934616997838,-0.9447934627532959,-0.08786650002002716,0.31566569209098816,-0.313706636428833,-0.03564128279685974,-0.9488508105278015
410,1648569197.3991747,127.69451141357422,-108.34042358398438,1444.04052734375,0.1022113487124443,0.7842782735824585,-0.6119317412376404,-0.9423971176147461,-0.12061412632465363,-0.31199347972869873,-0.31849732995033264,0.6085719466209412,0.7267734408378601
300,1648569197.451272,301.2583923339844,-22.66067886352539,1551.9044189453125,0.9968124032020569,-0.01726067252457142,-0.07789181917905807,0.006750697735697031,0.9910627007484436,-0.1332261562347412,0.07949525117874146,0.13227567076683044,0.9880200624465942
4,1648569197.451297,82.0477294921875,-19.030702590942383,1485.86181640625,0.09814449399709702,-0.9951395988464355,0.00805516168475151,-0.9438179135322571,-0.0905102863907814,0.31782951951026917,-0.3155556619167328,-0.038795825093984604,-0.9481136798858643
410,1648569197.4513152,127.72894287109375,-108.40347290039062,1444.307373046875,0.10099363327026367,0.7853380441665649,-0.6107736229896545,-0.942396342754364,-0.12125969678163528,-0.31174543499946594,-0.31888777017593384,0.6070751547813416,0.7278532385826111
300,1648569197.4999099,301.2751770019531,-22.666362762451172,1551.93798828125,0.9967493414878845,-0.01730942167341709,-0.07868382334709167,0.006821810733526945,0.9912728071212769,-0.13164997100830078,0.08027592301368713,0.1306852549314499,0.9881685972213745
4,1648569197.4999373,81.98174285888672,-19.15730094909668,1486.0504150390625,0.09377341717481613,-0.9955698251724243,0.006871641147881746,-0.9450786113739014,-0.08684276044368744,0.315094918012619,-0.31310224533081055,-0.03604177013039589,-0.9490352869033813
410,1648569197.4999557,128.01089477539062,-108.5640869140625,1444.7203369140625,0.10219410806894302,0.7835170030593872,-0.6129090189933777,-0.9430467486381531,-0.11977154016494751,-0.31035086512565613,-0.31657424569129944,0.6097179055213928,0.7266531586647034
300,1648569197.5339508,301.2791748046875,-22.660764694213867,1551.9696044921875,0.996795117855072,-0.017165502533316612,-0.07813318818807602,0.006821120157837868,0.9913877248764038,-0.13078191876411438,0.07970522344112396,0.12982982397079468,0.9883275032043457
4,1648569197.533975,82.08361053466797,-19.13060188293457,1486.0184326171875,0.09657534956932068,-0.9952957034111023,0.0077217924408614635,-0.9447752237319946,-0.08922676742076874,0.3153385519981384,-0.3131661117076874,-0.037749290466308594,-0.9489478468894958
410,1648569197.5339928,128.02023315429688,-108.49846649169922,1444.779052734375,0.10563261806964874,0.7834056615829468,-0.6124682426452637,-0.9429879188537598,-0.11657226830720901,-0.3117445707321167,-0.31561926007270813,0.610480546951294,0.726428210735321
300,1648569197.5713437,301.2699279785156,-22.65740203857422,1551.9595947265625,0.9967896342277527,-0.017205649986863136,-0.07819467782974243,0.006720393896102905,0.9911702871322632,-0.1324247270822525,0.07978269457817078,0.131474107503891,0.9881038665771484
4,1648569197.5713713,82.20263671875,-19.063222885131836,1486.0076904296875,0.09898467361927032,-0.995042085647583,0.009658856317400932,-0.9442140460014343,-0.09085564315319061,0.31655189394950867,-0.3141048848628998,-0.04045381397008896,-0.9485260248184204
410,1648569197.5713902,128.06500244140625,-108.46623992919922,1444.71728515625,0.10283484309911728,0.783835232257843,-0.6123947501182556,-0.9426121115684509,-0.11982022225856781,-0.31164976954460144,-0.3176593482494354,0.6092991232872009,0.7265308499336243
300,1648569197.6214674,301.25982666015625,-22.650760650634766,1551.978759765625,0.9968414902687073,-0.017094019800424576,-0.07755565643310547,0.0067039234563708305,0.9911870360374451,-0.13230010867118835,0.07913370430469513,0.13136231899261475,0.9881709218025208
4,1648569197.621495,82.05845642089844,-19.178503036499023,1486.14111328125,0.09645919501781464,-0.9953245520591736,0.0049613541923463345,-0.9453559517860413,-0.09005464613437653,0.3133564293384552,-0.31144455075263977,-0.03491635620594025,-0.949622631072998
410,1648569197.6215293,127.98933410644531,-108.37696075439453,1444.51220703125,0.10342174768447876,0.7836222648620605,-0.6125684380531311,-0.9429510831832886,-0.11870316416025162,-0.3110511004924774,-0.31646040081977844,0.6097915172576904,0.7266409993171692
300,1648569197.6714854,301.2585144042969,-22.650285720825195,1551.9422607421875,0.9968189597129822,-0.01715417578816414,-0.07783141732215881,0.006767837330698967,0.9912537932395935,-0.13179555535316467,0.07941152900457382,0.13084955513477325,0.9882166981697083
4,1648569197.6715126,82.1334228515625,-19.05324363708496,1486.065673828125,0.09512833505868912,-0.9954385161399841,0.007264039013534784,-0.9447141885757446,-0.08797587454319,0.3158724308013916,-0.31379252672195435,-0.03691085800528526,-0.9487738609313965
410,1648569197.6715307,128.05160522460938,-108.34854888916016,1444.3929443359375,0.09815860539674759,0.7847712635993958,-0.6119632124900818,-0.9424023032188416,-0.12428006529808044,-0.3105355501174927,-0.3197542130947113,0.6071972846984863,0.727371096611023
300,1648569197.7036598,301.2603759765625,-22.652984619140625,1551.955078125,0.9968244433403015,-0.017116084694862366,-0.0777696892619133,0.006697340402752161,0.9911866784095764,-0.13230299949645996,0.07934879511594772,0.13136200606822968,0.9881537556648254
4,1648569197.703685,82.08149719238281,-19.1412353515625,1486.087890625,0.09669831395149231,-0.9953010082244873,0.005037744529545307,-0.9454307556152344,-0.090268574655056,0.31306904554367065,-0.3111431896686554,-0.03503608703613281,-0.9497169852256775
410,1648569197.7037039,127.95628356933594,-108.37435150146484,1444.3978271484375,0.09865845739841461,0.7834802865982056,-0.6135349273681641,-0.9428306818008423,-0.12363475561141968,-0.3094911277294159,-0.3183344304561615,0.6089934706687927,0.7264916300773621
300,1648569197.7446368,301.2678527832031,-22.64665412902832,1551.954345703125,0.9968121647834778,-0.01714569702744484,-0.07792029529809952,0.006783380638808012,0.991312563419342,-0.131352037191391,0.07949548959732056,0.1304047405719757,0.9882687330245972
4,1648569197.744662,81.93977355957031,-19.253286361694336,1486.2415771484375,0.09699518978595734,-0.9952640533447266,0.006434096023440361,-0.9456129670143127,-0.09013576805591583,0.312556654214859,-0.3104964792728424,-0.03640065714716911,-0.9498773217201233
410,1648569197.744681,127.75287628173828,-108.45404052734375,1444.6549072265625,0.09852132946252823,0.7836196422576904,-0.6133790612220764,-0.9425815343856812,-0.12417266517877579,-0.31003427505493164,-0.3191138505935669,0.6087047457695007,0.7263917326927185
300,1648569197.7931757,301.2589111328125,-22.646577835083008,1551.9476318359375,0.9967985153198242,-0.017178941518068314,-0.07808713614940643,0.006621680222451687,0.9910272359848022,-0.1334959715604782,0.07967980206012726,0.13255152106285095,0.9879682064056396
4,1648569197.7932029,81.83560180664062,-19.190664291381836,1486.27294921875,0.09250640869140625,-0.9957044720649719,0.003897525602951646,-0.9450551867485046,-0.08656685054302216,0.3152410686016083,-0.31354954838752747,-0.03284519538283348,-0.9490036368370056
410,1648569197.7932222,127.62944793701172,-108.56449890136719,1444.6680908203125,0.09590095281600952,0.7847528457641602,-0.6123446226119995,-0.9426485300064087,-0.12599124014377594,-0.3090953528881073,-0.3197135329246521,0.606868326663971,0.7276634573936462
300,1648569197.84578,301.2463684082031,-22.64984703063965,1551.9124755859375,0.9968156218528748,-0.017100241035223007,-0.0778859481215477,0.006675262004137039,0.9912018775939941,-0.1321905255317688,0.07946118712425232,0.13124966621398926,0.9881595969200134
4,1648569197.8458052,82.0115966796875,-19.047792434692383,1486.059814453125,0.09295065701007843,-0.9956430792808533,0.007414821535348892,-0.9450991153717041,-0.08588390797376633,0.31529608368873596,-0.31328555941581726,-0.036314718425273895,-0.9489643573760986
410,1648569197.8458228,127.91117095947266,-108.5537338256836,1444.7950439453125,0.09957810491323471,0.7809386849403381,-0.6166189908981323,-0.9438186883926392,-0.12211442738771439,-0.30707383155822754,-0.3151038885116577,0.6125543713569641,0.7249045968055725
300,1648569197.8797448,301.2598876953125,-22.645782470703125,1551.978515625,0.9968546032905579,-0.017014767974615097,-0.07740426063537598,0.006723296362906694,0.9913169741630554,-0.1313219666481018,0.07896656543016434,0.13038849830627441,0.9883132576942444
4,1648569197.8797703,82.17898559570312,-18.995481491088867,1485.9786376953125,0.09716960787773132,-0.9952324032783508,0.008398964069783688,-0.9446025490760803,-0.0895615890622139,0.3157605528831482,-0.3135029077529907,-0.038616012781858444,-0.9488017559051514
410,1648569197.879789,128.08676147460938,-108.5386734008789,1444.672607421875,0.09852897375822067,0.7813522815704346,-0.6162634491920471,-0.9438879489898682,-0.12278840690851212,-0.30659177899360657,-0.3152261972427368,0.6118918061256409,0.7254108190536499
300,1648569197.9198442,301.2739562988281,-22.645931243896484,1551.9901123046875,0.9968284964561462,-0.01716705970466137,-0.07770632207393646,0.006778104696422815,0.9912222027778625,-0.13203252851963043,0.07929084450006485,0.13108707964420319,0.9881948828697205
4,1648569197.919886,82.42147064208984,-18.880098342895508,1485.8861083984375,0.09856756776571274,-0.9950951337814331,0.008373879827558994,-0.9442254900932312,-0.09086522459983826,0.3165150582790375,-0.3142017126083374,-0.039104949682950974,-0.9485505223274231
410,1648569197.9199066,128.32627868652344,-108.49333190917969,1444.7103271484375,0.10115233808755875,0.7811384201049805,-0.6161095499992371,-0.9439481496810913,-0.12023498117923737,-0.30741727352142334,-0.314213365316391,0.6126714944839478,0.725192129611969
300,1648569197.969995,301.2488708496094,-22.644227981567383,1551.9635009765625,0.9968847036361694,-0.01702415943145752,-0.07701347768306732,0.006765080150216818,0.9912853240966797,-0.13155870139598846,0.07858200371265411,0.1306278556585312,0.988312304019928
4,1648569197.970022,82.7249526977539,-18.701120376586914,1485.7373046875,0.10167548060417175,-0.9947559833526611,0.011076213791966438,-0.9433081746101379,-0.09286875277757645,0.31866148114204407,-0.3159617781639099,-0.042848341166973114,-0.9478038549423218
410,1648569197.9700403,128.48974609375,-108.29004669189453,1444.43896484375,0.09794556349515915,0.7825754284858704,-0.6148027181625366,-0.9435766935348511,-0.12334378063678741,-0.30732616782188416,-0.3163380026817322,0.6102147102355957,0.7263389229774475
300,1648569198.0022066,301.2487487792969,-22.63683319091797,1551.95751953125,0.9968757033348083,-0.017094101756811142,-0.07711407542228699,0.006753737106919289,0.991172194480896,-0.1324085295200348,0.07869673520326614,0.13147403299808502,0.9881909489631653
4,1648569198.0022333,82.74910736083984,-18.682861328125,1485.7744140625,0.1006622463464737,-0.9948484897613525,0.011981315910816193,-0.9433044195175171,-0.09160453826189041,0.3190382421016693,-0.3162972033023834,-0.04341713339090347,-0.9476661086082458
410,1648569198.0022528,128.6060028076172,-108.23672485351562,1444.2991943359375,0.1006624847650528,0.782167911529541,-0.6148824691772461,-0.9438191056251526,-0.12044806778430939,-0.3077299892902374,-0.31475794315338135,0.6113147139549255,0.7261003851890564
300,1648569198.0415099,301.2553405761719,-22.644311904907227,1551.96826171875,0.9968534111976624,-0.017148088663816452,-0.07739005982875824,0.006812472362071276,0.9912411570549011,-0.13188844919204712,0.07897384464740753,0.13094623386859894,0.9882389307022095
4,1648569198.0415387,82.79851531982422,-18.654285430908203,1485.736083984375,0.10137423872947693,-0.9947651624679565,0.012866102159023285,-0.9430876970291138,-0.09197463095188141,0.31957191228866577,-0.31671565771102905,-0.044530224055051804,-0.9474746584892273
410,1648569198.0415587,128.63870239257812,-108.19699096679688,1444.3536376953125,0.1005789041519165,0.7821348905563354,-0.6149380803108215,-0.9434006214141846,-0.12135682255029678,-0.3086548149585724,-0.3160366415977478,0.6111771464347839,0.7256606221199036
300,1648569198.091705,301.26812744140625,-22.63646697998047,1551.9559326171875,0.9968384504318237,-0.017151102423667908,-0.0775814801454544,0.006721016950905323,0.9911264181137085,-0.13275258243083954,0.07916990667581558,0.1318114548921585,0.988108217716217
4,1648569198.0917315,82.79900360107422,-18.579204559326172,1485.646240234375,0.10069427639245987,-0.9948464632034302,0.011879982426762581,-0.9427652955055237,-0.09159401059150696,0.32063087821006775,-0.31789034605026245,-0.04348572716116905,-0.9471297264099121
410,1648569198.0917497,128.35934448242188,-108.05195617675781,1444.1058349609375,0.09803592413663864,0.7848780751228333,-0.6118459105491638,-0.9425737857818604,-0.12401828914880753,-0.31011947989463806,-0.319286048412323,0.6071127653121948,0.7276472449302673
300,1648569198.1420915,301.26690673828125,-22.630563735961914,1551.9837646484375,0.9968536496162415,-0.01704827882349491,-0.07740913331508636,0.006700086407363415,0.9912242293357849,-0.13202138245105743,0.07898054271936417,0.13108734786510468,0.988219678401947
4,1648569198.1421194,82.40322875976562,-18.731510162353516,1485.7462158203125,0.09505224227905273,-0.9954480528831482,0.0069450209848582745,-0.9441937208175659,-0.08794345706701279,0.31743377447128296,-0.3153780698776245,-0.03673023730516434,-0.9482550024986267
410,1648569198.142139,128.1102752685547,-107.98566436767578,1443.8863525390625,0.09813003242015839,0.784089982509613,-0.612840473651886,-0.9432333707809448,-0.12306627631187439,-0.30848902463912964,-0.3173031508922577,0.6083236336708069,0.7275033593177795
300,1648569198.192721,301.2610778808594,-22.624860763549805,1552.020751953125,0.9968793988227844,-0.0171476099640131,-0.07705491036176682,0.00671528372913599,0.9910047054290771,-0.13365837931632996,0.07865370064973831,0.1327238380908966,0.9880273342132568
4,1648569198.1927476,82.14375305175781,-18.642080307006836,1485.7103271484375,0.09320244193077087,-0.9956030249595642,0.009376163594424725,-0.9436144828796387,-0.0853232592344284,0.3198619782924652,-0.3176555335521698,-0.03865940123796463,-0.9474177360534668
410,1648569198.1927664,127.77518463134766,-107.9933853149414,1443.9954833984375,0.09685694426298141,0.7844898104667664,-0.6125311851501465,-0.943108320236206,-0.12433071434497833,-0.3083643317222595,-0.3180651068687439,0.6075505018234253,0.7278165817260742
300,1648569198.2430823,301.25164794921875,-22.631906509399414,1551.9903564453125,0.9968497157096863,-0.01707763783633709,-0.07745300233364105,0.0067341942340135574,0.9912418127059937,-0.13188758492469788,0.07902698218822479,0.13095051050186157,0.9882341027259827
4,1648569198.2431097,82.04474639892578,-18.652414321899414,1485.7371826171875,0.09216153621673584,-0.9956961274147034,0.009769205935299397,-0.9438530802726746,-0.08422870188951492,0.3194478452205658,-0.31725013256073,-0.038661498576402664,-0.9475535154342651
410,1648569198.2431426,127.60055541992188,-108.10192108154297,1444.23046875,0.09713314473628998,0.7832224369049072,-0.6141072511672974,-0.9437228441238403,-0.12352148443460464,-0.30680564045906067,-0.3161524832248688,0.6093479990959167,0.7271468639373779
300,1648569198.2935035,301.252685546875,-22.636402130126953,1551.9522705078125,0.9968217015266418,-0.01699441857635975,-0.07783143222332001,0.006559357047080994,0.9911729097366333,-0.1324130743741989,0.07939469069242477,0.13148169219493866,0.9881341457366943
4,1648569198.2935302,81.95704650878906,-18.737775802612305,1485.80419921875,0.09410256892442703,-0.9955365657806396,0.0071859098970890045,-0.9442861080169678,-0.08696690201759338,0.31742799282073975,-0.31538623571395874,-0.03665634244680405,-0.9482551217079163
410,1648569198.2935488,127.50205993652344,-108.34994506835938,1444.685546875,0.09356909245252609,0.7823691964149475,-0.6157460808753967,-0.943958044052124,-0.126907080411911,-0.30469295382499695,-0.3165249228477478,0.6097483038902283,0.7266491055488586
300,1648569198.344004,301.2508239746094,-22.61716079711914,1551.9422607421875,0.9968618750572205,-0.01701648347079754,-0.07730987668037415,0.006608706898987293,0.9911028742790222,-0.1329340785741806,0.07888410985469818,0.13200600445270538,0.9881051182746887
4,1648569198.3440318,81.88593292236328,-18.798856735229492,1485.87939453125,0.09207126498222351,-0.995727002620697,0.007110548671334982,-0.9450764060020447,-0.08513429760932922,0.31556734442710876,-0.3136135935783386,-0.03577469661831856,-0.9488765597343445
410,1648569198.3440506,127.60462188720703,-108.57777404785156,1444.9561767578125,0.09434442222118378,0.7803001403808594,-0.6182481646537781,-0.9453522562980652,-0.1244710311293602,-0.30135709047317505,-0.3121029734611511,0.6128937005996704,0.7259153127670288
300,1648569198.3944247,301.252197265625,-22.619583129882812,1551.9315185546875,0.9967880249023438,-0.017049230635166168,-0.07824907451868057,0.0065335920080542564,0.9911316633224487,-0.1327226758003235,0.07981795072555542,0.13178513944149017,0.9880595803260803
4,1648569198.394453,81.86345672607422,-18.76244354248047,1485.8773193359375,0.09064594656229019,-0.9958472847938538,0.008454528637230396,-0.9450504183769226,-0.08333839476108551,0.31612399220466614,-0.31410664319992065,-0.0366453155875206,-0.9486802220344543
410,1648569198.3945053,127.57965087890625,-108.64898681640625,1445.20703125,0.09302885830402374,0.7799150347709656,-0.6189331412315369,-0.9455425143241882,-0.12554147839546204,-0.3003142476081848,-0.3119213581085205,0.6131654977798462,0.7257638573646545
300,1648569198.444952,301.25360107421875,-22.62546730041504,1551.9775390625,0.9968127608299255,-0.017182499170303345,-0.07790427654981613,0.006709611043334007,0.9911268353462219,-0.1327502280473709,0.07949399203062057,0.13180440664291382,0.9880831241607666
4,1648569198.4449804,81.71676635742188,-18.80312156677246,1485.9619140625,0.09062221646308899,-0.9958499073982239,0.008400849997997284,-0.9450616240501404,-0.08333398401737213,0.3160916268825531,-0.31407976150512695,-0.03658424690365791,-0.9486914873123169
410,1648569198.4450078,127.1693115234375,-108.50456237792969,1445.1134033203125,0.09442117810249329,0.7816953063011169,-0.616471529006958,-0.9452962279319763,-0.1238258108496666,-0.3017982542514801,-0.3122493624687195,0.6112443208694458,0.7272418141365051
300,1648569198.4954212,301.25579833984375,-22.62550163269043,1551.977783203125,0.9968323707580566,-0.017198218032717705,-0.0776493027806282,0.00675035547465086,0.9911119937896729,-0.1328587383031845,0.07924409210681915,0.13191372156143188,0.9880886077880859
4,1648569198.4954479,81.73567962646484,-18.75473403930664,1485.9088134765625,0.09071587771177292,-0.995826780796051,0.00998428463935852,-0.9449099898338318,-0.0829027071595192,0.3166579008102417,-0.31450867652893066,-0.03816014900803566,-0.9484872817993164
410,1648569198.495483,127.26689910888672,-108.52281188964844,1445.2977294921875,0.0935252457857132,0.7807366251945496,-0.617821455001831,-0.944820761680603,-0.1260804831981659,-0.3023531138896942,-0.31395336985588074,0.6120082139968872,0.7258644700050354
300,1648569198.5459025,301.2501525878906,-22.62745475769043,1551.9453125,0.9968199729919434,-0.01705298200249672,-0.07784052193164825,0.006590325850993395,0.9911293387413025,-0.13273730874061584,0.07941359281539917,0.13180221617221832,0.988089919090271
4,1648569198.54593,81.79782104492188,-18.8032169342041,1486.0089111328125,0.08946292847394943,-0.9959587454795837,0.007908361032605171,-0.9451315402984619,-0.08238709717988968,0.31613093614578247,-0.31420183181762695,-0.035756438970565796,-0.9486826062202454
410,1648569198.5459495,127.3144302368164,-108.44659423828125,1445.0821533203125,0.09292007237672806,0.7810553908348083,-0.6175097823143005,-0.9453017115592957,-0.12556281685829163,-0.3010624647140503,-0.31268271803855896,0.6117078065872192,0.7266656756401062
300,1648569198.5967581,301.2523193359375,-22.61979866027832,1551.9156494140625,0.9968117475509644,-0.017040973529219627,-0.0779484435915947,0.00652352487668395,0.9910621643066406,-0.13324111700057983,0.07952231168746948,0.13230781257152557,0.9880135655403137
4,1648569198.5967853,82.13213348388672,-18.685644149780273,1485.892578125,0.09281666576862335,-0.995622456073761,0.01100183930248022,-0.9447426199913025,-0.08457363396883011,0.3167154788970947,-0.31439855694770813,-0.039790380746126175,-0.9484567642211914
410,1648569198.5968032,127.33551025390625,-108.2883529663086,1444.7628173828125,0.09214942902326584,0.7823510766029358,-0.6159831881523132,-0.9447336792945862,-0.12676924467086792,-0.30233731865882874,-0.3146216571331024,0.6098002791404724,0.7274316549301147
300,1648569198.6468627,301.2448425292969,-22.619277954101562,1551.903076171875,0.9968482255935669,-0.0170946903526783,-0.07746881991624832,0.0067074717953801155,0.9911726713180542,-0.1324075609445572,0.07904844731092453,0.13147062063217163,0.9881633520126343
4,1648569198.6468897,82.14425659179688,-18.721012115478516,1485.8883056640625,0.09279205650091171,-0.9956253170967102,0.01094663143157959,-0.945315420627594,-0.0846400186419487,0.31498390436172485,-0.3126794099807739,-0.03957602381706238,-0.9490338563919067
410,1648569198.6469095,127.20124053955078,-108.20355987548828,1444.7987060546875,0.0926748514175415,0.7817673683166504,-0.6166450381278992,-0.9449876546859741,-0.12606169283390045,-0.3018389642238617,-0.31370317935943604,0.6106948256492615,0.7270777821540833
300,1648569198.697254,301.24493408203125,-22.61748695373535,1551.9150390625,0.9967814683914185,-0.017168816179037094,-0.07830662280321121,0.006713866721838713,0.991244375705719,-0.13186922669410706,0.07988503575325012,0.13091906905174255,0.9881693124771118
4,1648569198.6972814,82.03951263427734,-18.64280891418457,1485.8447265625,0.09330463409423828,-0.9955726861953735,0.011368520557880402,-0.9445884823799133,-0.08490557968616486,0.31708621978759766,-0.3147171437740326,-0.04032418876886368,-0.9483285546302795
410,1648569198.6973,127.4228286743164,-108.27582550048828,1445.002197265625,0.09231653809547424,0.780445396900177,-0.6183709502220154,-0.9453141093254089,-0.126410573720932,-0.30066853761672974,-0.312824010848999,0.6123114824295044,0.7260962724685669
300,1648569198.7477057,301.2408752441406,-22.611225128173828,1552.00439453125,0.9969034790992737,-0.01702018827199936,-0.07677076011896133,0.006629205774515867,0.9910097718238831,-0.13362503051757812,0.07835489511489868,0.13270233571529388,0.9880539178848267
4,1648569198.747734,81.99617767333984,-18.599098205566406,1485.8924560546875,0.09127561748027802,-0.9957557320594788,0.011800212785601616,-0.9444456696510315,-0.08280304819345474,0.3180660307407379,-0.3157389760017395,-0.040176331996917725,-0.947995126247406
410,1648569198.7477543,127.6899185180664,-108.34797668457031,1445.335205078125,0.09501317143440247,0.7786602973937988,-0.6202101111412048,-0.9459996819496155,-0.12334787100553513,-0.2997831106185913,-0.30993080139160156,0.6152019500732422,0.7248927354812622
300,1648569198.7980886,301.2374572753906,-22.61011505126953,1551.9737548828125,0.9968403577804565,-0.017056768760085106,-0.07757817208766937,0.006610813084989786,0.991098940372467,-0.1329629123210907,0.0791555643081665,0.1320299357175827,0.9880802035331726
4,1648569198.7981155,82.13631439208984,-18.539640426635742,1485.7833251953125,0.09061620384454727,-0.9958406090736389,0.009495018981397152,-0.9445943236351013,-0.08292491734027863,0.3175926208496094,-0.31548425555229187,-0.037747979164123535,-0.9481797218322754
410,1648569198.798134,128.028564453125,-108.2869644165039,1445.4107666015625,0.09489167481660843,0.7781070470809937,-0.6209226846694946,-0.9463304877281189,-0.12307319045066833,-0.298850417137146,-0.3089565634727478,0.6159564852714539,0.7246677875518799
300,1648569198.8320827,301.240966796875,-22.6146183013916,1551.9202880859375,0.9968217015266418,-0.017122702673077583,-0.077802874147892,0.006661726161837578,0.9911239743232727,-0.13277360796928406,0.07938574254512787,0.13183331489562988,0.9880880117416382
4,1648569198.8321087,82.27352142333984,-18.539609909057617,1485.783203125,0.09577580541372299,-0.9953367114067078,0.01147917378693819,-0.9441101551055908,-0.08718031644821167,0.3178924322128296,-0.31540924310684204,-0.04128400608897209,-0.9480572938919067
410,1648569198.8321283,128.04766845703125,-108.19639587402344,1445.3087158203125,0.09470859169960022,0.7787835597991943,-0.6201019287109375,-0.9458272457122803,-0.12392213195562363,-0.30009016394615173,-0.31054964661598206,0.6149304509162903,0.724858283996582
300,1648569198.8695843,301.2344970703125,-22.61233139038086,1551.9617919921875,0.996857225894928,-0.016976479440927505,-0.07737867534160614,0.00649578170850873,0.9909958243370056,-0.13373519480228424,0.07895229756832123,0.1328122615814209,0.9879916310310364
4,1648569198.8696117,82.37896728515625,-18.525741577148438,1485.7418212890625,0.09560613334178925,-0.9953338503837585,0.013038956560194492,-0.9443976879119873,-0.08655804395675659,0.3172077238559723,-0.3145989775657654,-0.042640965431928635,-0.9482664465904236
410,1648569198.8696299,127.9225845336914,-108.10022735595703,1445.1900634765625,0.09437151253223419,0.7791799902915955,-0.619655191898346,-0.9455112814903259,-0.12467701733112335,-0.30077236890792847,-0.3116125762462616,0.614275336265564,0.7249575257301331
300,1648569198.9199796,301.2337646484375,-22.61097526550293,1551.969482421875,0.9968966841697693,-0.017063621431589127,-0.07684961706399918,0.0067441933788359165,0.9911483526229858,-0.1325877159833908,0.07843179255723953,0.13165797293186188,0.9881875514984131
4,1648569198.920007,82.281494140625,-18.489105224609375,1485.7955322265625,0.09227437525987625,-0.9956540465354919,0.012589757330715656,-0.9445298910140991,-0.08352001756429672,0.3176281750202179,-0.31519627571105957,-0.041200343519449234,-0.9481317400932312
410,1648569198.920026,127.8432846069336,-107.97000885009766,1445.102294921875,0.09311822056770325,0.7781492471694946,-0.6211382150650024,-0.9452535510063171,-0.12688033282756805,-0.30066120624542236,-0.31276950240135193,0.6151301264762878,0.7237334847450256
300,1648569198.9700994,301.22723388671875,-22.609752655029297,1551.942626953125,0.9968069791793823,-0.017257094383239746,-0.07796142995357513,0.0067427982576191425,0.9910709261894226,-0.13316503167152405,0.07956334948539734,0.13221415877342224,0.9880228042602539
4,1648569198.9701264,82.26910400390625,-18.454330444335938,1485.68310546875,0.0918903648853302,-0.9956951141357422,0.012139583006501198,-0.9441600441932678,-0.08324751257896423,0.3187972903251648,-0.31641432642936707,-0.04075611010193825,-0.9477452039718628
410,1648569198.9701452,127.69660186767578,-107.85215759277344,1444.9510498046875,0.09115386009216309,0.7786468267440796,-0.6208059787750244,-0.9453464150428772,-0.1283228099346161,-0.29975569248199463,-0.31306737661361694,0.6142005920410156,0.7243938446044922
300,1648569199.00385,301.2279968261719,-22.6160945892334,1551.986083984375,0.9968782663345337,-0.017081066966056824,-0.07708447426557541,0.006837060675024986,0.9913259744644165,-0.13124805688858032,0.07865770161151886,0.13031131029129028,0.9883480668067932
4,1648569199.0038757,82.2851791381836,-18.355398178100586,1485.6190185546875,0.09360365569591522,-0.9955220222473145,0.013199979439377785,-0.943709671497345,-0.08449164777994156,0.31980183720588684,-0.3172544836997986,-0.042391568422317505,-0.9473925232887268
410,1648569199.003895,127.72756958007812,-107.8980484008789,1445.0726318359375,0.09246154874563217,0.7774829268455505,-0.6220700740814209,-0.945694625377655,-0.12695692479610443,-0.2992383539676666,-0.3116288185119629,0.6159563660621643,0.7235227823257446
300,1648569199.0437696,301.236328125,-22.60178565979004,1551.95166015625,0.9967877864837646,-0.017168598249554634,-0.07822597771883011,0.006642930209636688,0.9911103844642639,-0.13287636637687683,0.07981187850236893,0.1319298893213272,0.9880407452583313
4,1648569199.0437944,82.16000366210938,-18.353790283203125,1485.552734375,0.09134579449892044,-0.9957519173622131,0.011577718891203403,-0.9443418979644775,-0.08292828500270844,0.31834137439727783,-0.3160289227962494,-0.04001247137784958,-0.947905421257019
410,1648569199.0438137,127.7754135131836,-107.89591979980469,1445.320068359375,0.09171463549137115,0.7761847376823425,-0.6237993836402893,-0.9459792971611023,-0.12772469222545624,-0.2980094254016876,-0.3109849691390991,0.6174331307411194,0.7225404381752014
300,1648569199.0920784,301.234619140625,-22.61275863647461,1551.9432373046875,0.9967915415763855,-0.017116697505116463,-0.07818954437971115,0.006587685085833073,0.9910966157913208,-0.13298135995864868,0.07976959645748138,0.1320396065711975,0.9880295395851135
4,1648569199.0921202,81.98738098144531,-18.493770599365234,1485.545166015625,0.0966038703918457,-0.9952422380447388,0.012670082040131092,-0.9447648525238037,-0.08768388628959656,0.3158019483089447,-0.31318849325180054,-0.042477939277887344,-0.948740541934967
410,1648569199.0921402,127.72816467285156,-107.6844711303711,1445.726806640625,0.09101662039756775,0.7750113010406494,-0.6253586411476135,-0.9466204047203064,-0.12766624987125397,-0.2959917187690735,-0.3092341125011444,0.6189174056053162,0.7220218181610107
300,1648569199.144328,301.2170715332031,-22.640071868896484,1551.9752197265625,0.9968430399894714,-0.01719171740114689,-0.07751381397247314,0.006729988846927881,0.9910586476325989,-0.13325700163841248,0.07911165803670883,0.13231463730335236,0.9880456328392029
4,1648569199.1443543,80.96625518798828,-19.122526168823242,1485.9549560546875,0.08972873538732529,-0.9959572553634644,0.004225269891321659,-0.9468963146209717,-0.08399194478988647,0.3103751540184021,-0.3087655007839203,-0.031850460916757584,-0.9506047368049622
410,1648569199.1443725,127.93515014648438,-104.49060821533203,1448.309814453125,0.09196063131093979,0.763032078742981,-0.6397853493690491,-0.9469732642173767,-0.1316368281841278,-0.29310983419418335,-0.3078715205192566,0.6328141689300537,0.7104655504226685
300,1648569199.1930609,301.22406005859375,-22.655284881591797,1552.016845703125,0.9968320727348328,-0.01719163917005062,-0.07765471190214157,0.006719464901834726,0.9910726547241211,-0.13315336406230927,0.07925058156251907,0.13220974802970886,0.9880485534667969
4,1648569199.1930876,79.0313720703125,-19.96854591369629,1486.690673828125,0.07707613706588745,-0.9970228672027588,-0.002165120327845216,-0.9495521187782288,-0.0740681141614914,0.30473706126213074,-0.3039901852607727,-0.02143206261098385,-0.9524340629577637
410,1648569199.1931064,125.80396270751953,-89.56922912597656,1454.3316650390625,0.11630771309137344,0.7604421973228455,-0.6389054656028748,-0.9482524394989014,-0.10633361339569092,-0.2991829812526703,-0.2954484820365906,0.6406409740447998,0.7087237238883972
300,1648569199.2453575,301.2267761230469,-22.66768455505371,1551.9998779296875,0.9968287944793701,-0.016963139176368713,-0.0777469351887703,0.006474654655903578,0.9910653233528137,-0.1332201361656189,0.07931212335824966,0.13229428231716156,0.9880322813987732
4,1648569199.2453825,79.86181640625,-20.40654945373535,1487.4478759765625,0.08552713692188263,-0.9962602257728577,-0.012275861576199532,-0.9513248801231384,-0.08531859517097473,0.29614466428756714,-0.2960844933986664,-0.013650071807205677,-0.9550642371177673
410,1648569199.2454014,125.45355987548828,-66.9765625,1462.877685546875,0.1206016093492508,0.7527506947517395,-0.6471642851829529,-0.9490388631820679,-0.10378845781087875,-0.29757893085479736,-0.2911709249019623,0.6500725150108337,0.7018726468086243
300,1648569199.2939045,301.2607116699219,-22.642385482788086,1552.0384521484375,0.996854305267334,-0.017451351508498192,-0.07731067389249802,0.007069711107760668,0.9911478757858276,-0.1325741708278656,0.07893990725278854,0.13161057233810425,0.9881533980369568
4,1648569199.2939308,82.63892364501953,-18.2061710357666,1487.59326171875,0.1090787723660469,-0.9938254952430725,-0.020316394045948982,-0.947163462638855,-0.11011580377817154,0.3012572228908539,-0.3016342520713806,-0.013617821037769318,-0.9533264636993408
410,1648569199.2939498,128.5765838623047,-64.26591491699219,1462.5797119140625,0.11132421344518661,0.7428852915763855,-0.6600972414016724,-0.9446608424186707,-0.12714533507823944,-0.3024069666862488,-0.30858197808265686,0.6572332382202148,0.6876202821731567
300,1648569199.3462303,301.251708984375,-22.697664260864258,1552.0972900390625,0.9969598054885864,-0.016446039080619812,-0.07616179436445236,0.006256955675780773,0.9912120699882507,-0.13213421404361725,0.07766557484865189,0.13125596940517426,0.9883015155792236
4,1648569199.3462565,82.3080062866211,-18.006669998168945,1487.2772216796875,0.10381629317998886,-0.9945865273475647,-0.0044451081193983555,-0.948430597782135,-0.10034231841564178,0.30068397521972656,-0.29950225353240967,-0.02700001932680607,-0.9537134766578674
410,1648569199.3462746,128.74676513671875,-64.25845336914062,1462.999267578125,0.11552057415246964,0.7292134761810303,-0.674464762210846,-0.9480911493301392,-0.12158235162496567,-0.293838232755661,-0.296273797750473,0.6733984351158142,0.6773155927658081
300,1648569199.3947756,301.2706604003906,-22.677509307861328,1552.0225830078125,0.996904730796814,-0.016976656392216682,-0.07676398009061813,0.006697054486721754,0.991195797920227,-0.13223473727703094,0.07833303511142731,0.1313113421201706,0.9882414937019348
4,1648569199.3948052,80.9529037475586,-18.03713035583496,1487.1790771484375,0.09505480527877808,-0.9951475262641907,-0.02541724406182766,-0.9477875232696533,-0.09827976673841476,0.3033807873725891,-0.30440664291381836,-0.004747656639665365,-0.9525303244590759
410,1648569199.3948252,127.80905151367188,-64.71846008300781,1462.7698974609375,0.10720425099134445,0.7314857244491577,-0.6733764410018921,-0.9494476318359375,-0.12567217648029327,-0.2876729965209961,-0.2950533926486969,0.6701754331588745,0.6810348033905029
300,1648569199.4470263,301.28515625,-22.669742584228516,1551.9454345703125,0.9968509078025818,-0.017150092869997025,-0.07742181420326233,0.006788331083953381,0.9912047386169434,-0.13216300308704376,0.07900747656822205,0.1312212496995926,0.988199770450592
4,1648569199.447051,80.80007934570312,-17.570268630981445,1486.65087890625,0.09562072157859802,-0.9948475956916809,-0.03368818759918213,-0.9453000426292419,-0.10135771334171295,0.3100554943084717,-0.3118725121021271,0.002197717782109976,-0.9501214027404785
410,1648569199.4470692,127.23084259033203,-64.09011840820312,1461.53466796875,0.10360444337129593,0.7402435541152954,-0.6643083691596985,-0.9461312294006348,-0.13264605402946472,-0.29536548256874084,-0.3067602813243866,0.6591240763664246,0.6866247653961182
300,1648569199.495703,301.2498779296875,-22.661636352539062,1551.9332275390625,0.9968465566635132,-0.017172638326883316,-0.0774725154042244,0.006793676875531673,0.9911873936653137,-0.1322927176952362,0.0790615975856781,0.13134922087192535,0.9881784319877625
4,1648569199.4957304,80.40125274658203,-17.382688522338867,1486.3984375,0.09552565217018127,-0.9949800372123718,-0.02982565574347973,-0.9455066323280334,-0.10006380826234818,0.30984577536582947,-0.31127482652664185,-0.001397862914018333,-0.9503189325332642
410,1648569199.4957495,126.98408508300781,-63.70246505737305,1461.46240234375,0.10552036762237549,0.7348604798316956,-0.6699593663215637,-0.9444980621337891,-0.1367136538028717,-0.29871848225593567,-0.3111090064048767,0.6642962098121643,0.679648220539093
300,1648569199.547939,301.1995544433594,-22.662803649902344,1551.8868408203125,0.9968010783195496,-0.017329515889286995,-0.0780210942029953,0.006815038155764341,0.9910840392112732,-0.13306361436843872,0.07963139563798904,0.1321062445640564,0.9880317449569702
4,1648569199.5479639,80.24339294433594,-17.213138580322266,1486.1318359375,0.09407123178243637,-0.9951884746551514,-0.027394521981477737,-0.9450507760047913,-0.09791798889636993,0.3119151294231415,-0.3130967617034912,-0.003453025361523032,-0.9497149586677551
410,1648569199.5479815,126.6771469116211,-63.65055847167969,1460.9490966796875,0.09801944345235825,0.7351024150848389,-0.6708327531814575,-0.944976270198822,-0.14265397191047668,-0.294397234916687,-0.3121090829372406,0.6627777218818665,0.6806714534759521
300,1648569199.596579,301.20648193359375,-22.656389236450195,1551.8743896484375,0.9967778325080872,-0.017331257462501526,-0.07831720262765884,0.006821949500590563,0.9911577701568604,-0.13251294195652008,0.07992132753133774,0.13155168294906616,0.9880823493003845
4,1648569199.5966055,79.88751983642578,-16.919511795043945,1485.76708984375,0.08681782335042953,-0.995788037776947,-0.029475321993231773,-0.9443662762641907,-0.0916840136051178,0.3158581256866455,-0.3172301650047302,0.0004133863258175552,-0.9483484625816345
410,1648569199.5966244,125.81192779541016,-63.477508544921875,1460.1146240234375,0.09230823814868927,0.7405384182929993,-0.665644109249115,-0.9439309239387512,-0.14772675931453705,-0.29524776339530945,-0.31697577238082886,0.6555758118629456,0.6853806972503662
300,1648569199.6487904,301.25701904296875,-22.66425323486328,1551.8623046875,0.9967899918556213,-0.017042331397533417,-0.07822573930025101,0.006539897993206978,0.9911483526229858,-0.13259795308113098,0.07979308813810349,0.13166072964668274,0.9880781769752502
4,1648569199.6488159,79.60558319091797,-16.696229934692383,1485.4248046875,0.08434360474348068,-0.9960171580314636,-0.028912898153066635,-0.9433448314666748,-0.08916107565164566,0.3196103572845459,-0.3209153115749359,0.0003177437756676227,-0.9471078515052795
410,1648569199.6488345,125.3876724243164,-63.22197723388672,1459.61669921875,0.09315761923789978,0.7410340309143066,-0.6649738550186157,-0.9426314234733582,-0.14939719438552856,-0.2985405921936035,-0.32057395577430725,0.6546366214752197,0.6846044659614563
300,1648569199.6974425,301.2811584472656,-22.658437728881836,1551.912109375,0.996836245059967,-0.016988243907690048,-0.07764589041471481,0.006557153537869453,0.9911385774612427,-0.13267017900943756,0.07921166718006134,0.13174131512641907,0.9881142377853394
4,1648569199.6974685,79.71553802490234,-16.65995216369629,1485.5048828125,0.08757460117340088,-0.9958527684211731,-0.024655882269144058,-0.9428143501281738,-0.09085046499967575,0.3206981122493744,-0.3216080963611603,-0.00483908923342824,-0.9468604922294617
410,1648569199.6974876,125.5890884399414,-63.09471130371094,1459.842529296875,0.09462874382734299,0.7376289367675781,-0.6685424447059631,-0.9423353672027588,-0.15017984807491302,-0.2990820109844208,-0.32101312279701233,0.6582929491996765,0.6808825135231018
300,1648569199.7497559,301.2518615722656,-22.674001693725586,1551.921630859375,0.9968409538269043,-0.017059167847037315,-0.07757026702165604,0.00664530461654067,0.9911506772041321,-0.13257519900798798,0.07914544641971588,0.13164089620113373,0.988132894039154
4,1648569199.7497818,80.21826171875,-16.678003311157227,1485.6759033203125,0.08955728262662888,-0.9957128763198853,-0.023137448355555534,-0.9433210492134094,-0.09225303679704666,0.3188021183013916,-0.3195698857307434,-0.0067250095307827,-0.9475388526916504
410,1648569199.7498002,126.2095718383789,-63.029815673828125,1460.1883544921875,0.09652207791805267,0.7354888916015625,-0.6706262230873108,-0.9420878291130066,-0.14990593492984772,-0.29999783635139465,-0.3211759328842163,0.6607452630996704,0.6784259080886841
300,1648569199.798324,301.2438659667969,-22.66582679748535,1551.9327392578125,0.9968291521072388,-0.01709461584687233,-0.0777135044336319,0.00665843952447176,0.9911453723907471,-0.13261428475379944,0.07929237186908722,0.1316763460636139,0.988116443157196
4,1648569199.798351,80.3863525390625,-16.645647048950195,1485.7254638671875,0.09208035469055176,-0.9955158829689026,-0.02166420966386795,-0.9437087178230286,-0.09418876469135284,0.31708410382270813,-0.3177028000354767,-0.008752514608204365,-0.9481499195098877
410,1648569199.7983704,126.31645965576172,-63.177093505859375,1460.2601318359375,0.09558166563510895,0.737017810344696,-0.6690806150436401,-0.9434486627578735,-0.14727742969989777,-0.2970082759857178,-0.31744086742401123,0.6596317887306213,0.6812614798545837
300,1648569199.850606,301.2689514160156,-22.663938522338867,1551.9005126953125,0.9968334436416626,-0.01710641384124756,-0.07765565067529678,0.006681854370981455,0.9911518692970276,-0.13256420195102692,0.07923623919487,0.13162554800510406,0.9881277084350586
4,1648569199.8506317,80.09132385253906,-16.76753807067871,1485.861328125,0.08941440284252167,-0.9957600235939026,-0.021611647680401802,-0.9444661736488342,-0.09165742993354797,0.3155669867992401,-0.3162098824977875,-0.007804764900356531,-0.9486571550369263
410,1648569199.8506498,125.6130599975586,-63.399269104003906,1460.28662109375,0.09376341849565506,0.740425169467926,-0.665566623210907,-0.9440230131149292,-0.14624832570552826,-0.29568904638290405,-0.31627362966537476,0.6560350060462952,0.6852656602859497
300,1648569199.8843467,301.2511901855469,-22.66849708557129,1551.9117431640625,0.996806263923645,-0.017032016068696976,-0.07802008837461472,0.006603111047297716,0.9912245273590088,-0.13202406466007233,0.07958406209945679,0.13108724355697632,0.9881712794303894
4,1648569199.8843722,79.9124526977539,-16.761281967163086,1485.912109375,0.08575434237718582,-0.9960905909538269,-0.021205758675932884,-0.9442564845085144,-0.0880451649427414,0.31721872091293335,-0.3178456425666809,-0.007179208565503359,-0.9481152892112732
410,1648569199.884391,125.22154235839844,-63.53173065185547,1460.252685546875,0.09213128685951233,0.7425739765167236,-0.6633971333503723,-0.944386899471283,-0.14604218304157257,-0.29462701082229614,-0.3156662881374359,0.6536478996276855,0.6878220438957214
300,1648569199.924182,301.2208557128906,-22.66043472290039,1551.9071044921875,0.9968042969703674,-0.01718124933540821,-0.07801303267478943,0.006677266675978899,0.9910992980003357,-0.13295720517635345,0.07960303127765656,0.13201139867305756,0.9880467057228088
4,1648569199.9242096,79.87803649902344,-16.7022705078125,1485.8729248046875,0.08363062888383865,-0.9963111281394958,-0.019237972795963287,-0.9444147944450378,-0.08540451526641846,0.31746935844421387,-0.317941278219223,-0.008381535299122334,-0.9480733871459961
410,1648569199.92423,124.9896011352539,-63.48490524291992,1460.11572265625,0.09011653065681458,0.7429560422897339,-0.6632460355758667,-0.9444577693939209,-0.14757396280765533,-0.29363495111465454,-0.3160357177257538,0.6528692245483398,0.6883917450904846
300,1648569199.9742968,301.2129211425781,-22.65740203857422,1551.8939208984375,0.9968181848526001,-0.01710045337677002,-0.07785259187221527,0.006623083259910345,0.991107702255249,-0.13289707899093628,0.0794329047203064,0.13195860385894775,0.9880675077438354
4,1648569199.9743235,79.93163299560547,-16.632774353027344,1485.8275146484375,0.08586166054010391,-0.9961645007133484,-0.016855131834745407,-0.9446191787719727,-0.0867738425731659,0.31648844480514526,-0.3167371451854706,-0.011252542957663536,-0.9484466314315796
410,1648569199.9743414,124.90965270996094,-63.39081954956055,1460.0570068359375,0.0894564613699913,0.7431355714797974,-0.6631342768669128,-0.9438258409500122,-0.14939747750759125,-0.2947425842285156,-0.3181042969226837,0.6522498726844788,0.6880260109901428
300,1648569200.006517,301.2394104003906,-22.663787841796875,1551.876220703125,0.9967641830444336,-0.017107589170336723,-0.07853994518518448,0.006487567909061909,0.9910235404968262,-0.1335301250219345,0.0801193118095398,0.13258850574493408,0.9879277348518372
4,1648569200.006546,79.94561767578125,-16.647438049316406,1485.8634033203125,0.08542341738939285,-0.9962252378463745,-0.015429952181875706,-0.9446263313293457,-0.08590421080589294,0.316704124212265,-0.31683415174484253,-0.012478411197662354,-0.9483988881111145
410,1648569200.006565,124.85810089111328,-63.42817687988281,1460.035400390625,0.08841607719659805,0.7436525225639343,-0.6626941561698914,-0.9440654516220093,-0.1496238112449646,-0.29385906457901,-0.3176838457584381,0.6516085267066956,0.6888274550437927
300,1648569200.0477955,301.2575988769531,-22.663373947143555,1551.8865966796875,0.9968014359474182,-0.01710490696132183,-0.07806600630283356,0.006621093023568392,0.9911441802978516,-0.13262511789798737,0.07964320480823517,0.13168403506278992,0.9880871772766113
4,1648569200.0478215,80.01335144042969,-16.637939453125,1485.880859375,0.08743590116500854,-0.9960562586784363,-0.015062146820127964,-0.944706916809082,-0.08770635724067688,0.3159690201282501,-0.3160439729690552,-0.013397721573710442,-0.9486499428749084
410,1648569200.0478406,124.96070861816406,-63.44180679321289,1460.164306640625,0.0887235626578331,0.7431728839874268,-0.6631909012794495,-0.9438226819038391,-0.15005458891391754,-0.29441869258880615,-0.31831884384155273,0.6520565152168274,0.6881100535392761
300,1648569200.0963805,301.2416687011719,-22.657682418823242,1551.919189453125,0.9968187808990479,-0.017232364043593407,-0.07781634479761124,0.006725014187395573,0.9910501837730408,-0.13332054018974304,0.07941733300685883,0.13237309455871582,0.9880132675170898
4,1648569200.096407,80.07252502441406,-16.638654708862305,1486.009033203125,0.08496715873479843,-0.9962289929389954,-0.017559587955474854,-0.9448404908180237,-0.08615406602621078,0.31599676609039307,-0.31631797552108765,-0.010258336551487446,-0.94859778881073
410,1648569200.096426,125.31566619873047,-63.48529052734375,1460.4527587890625,0.09065980464220047,0.740943193435669,-0.6654201745986938,-0.9447811245918274,-0.1472947746515274,-0.29273343086242676,-0.31491175293922424,0.6552155613899231,0.6866754293441772
300,1648569200.1468055,301.2464599609375,-22.641878128051758,1551.8336181640625,0.9968154430389404,-0.017008664086461067,-0.07790851593017578,0.006490232422947884,0.9910515546798706,-0.13332174718379974,0.07947897911071777,0.1323915272951126,0.9880058765411377
4,1648569200.146832,79.35741424560547,-17.071029663085938,1486.680419921875,0.08491464704275131,-0.9960350394248962,-0.02652638778090477,-0.9470081925392151,-0.08895483613014221,0.3086463510990143,-0.3097822368144989,-0.0010878900066018105,-0.9508069157600403
410,1648569200.1468525,125.32579040527344,-63.73048782348633,1461.5111083984375,0.09186920523643494,0.7350843548774719,-0.671722412109375,-0.9454391598701477,-0.14736217260360718,-0.290567010641098,-0.3125777244567871,0.6617668271064758,0.6814395189285278
300,1648569200.1972208,301.26434326171875,-22.654178619384766,1551.971923828125,0.9968380928039551,-0.017110275104641914,-0.07759562879800797,0.006623336113989353,0.9910345673561096,-0.13344153761863708,0.0791831761598587,0.13250567018985748,0.988014280796051
4,1648569200.1972477,78.72814178466797,-17.321826934814453,1486.9022216796875,0.07966402173042297,-0.9964594841003418,-0.026873059570789337,-0.9477719068527222,-0.08406899869441986,0.30767005681991577,-0.30883991718292236,0.0009592993883416057,-0.9511135220527649
410,1648569200.1972659,124.95581817626953,-64.35165405273438,1462.218505859375,0.09018701314926147,0.7289900779724121,-0.6785571575164795,-0.9468673467636108,-0.1484398990869522,-0.2853206396102905,-0.3087208569049835,0.6682357788085938,0.6768695116043091
300,1648569200.2476714,301.2637634277344,-22.67178726196289,1551.9346923828125,0.9968668222427368,-0.017156405374407768,-0.07721547782421112,0.006798237096518278,0.9911651611328125,-0.1324591189622879,0.0788058191537857,0.1315191686153412,0.9881762862205505
4,1648569200.2476985,79.36050415039062,-16.734251022338867,1486.192138671875,0.08020732551813126,-0.9966150522232056,-0.018033107742667198,-0.9451326727867126,-0.08178698271512985,0.31628328561782837,-0.31668758392333984,-0.008324559777975082,-0.9484933614730835
410,1648569200.2477176,124.34195709228516,-63.92155838012695,1460.6015625,0.08497004956007004,0.7416077256202698,-0.6654307246208191,-0.9462980031967163,-0.14901308715343475,-0.28690627217292786,-0.3119298219680786,0.6540741920471191,0.6891202926635742
300,1648569200.2981129,301.2432556152344,-22.660320281982422,1551.934814453125,0.9968006610870361,-0.01705855317413807,-0.0780860111117363,0.006565449293702841,0.9911330938339233,-0.13271072506904602,0.07965748012065887,0.1317734718322754,0.9880741238594055
4,1648569200.2981393,79.73999786376953,-16.281217575073242,1485.619140625,0.08172091096639633,-0.9965370893478394,-0.015345610678195953,-0.9438627362251282,-0.082327701151371,0.31991448998451233,-0.3200700283050537,-0.011659553274512291,-0.9473221302032471
410,1648569200.2981582,124.00498962402344,-63.006710052490234,1459.2427978515625,0.0850030779838562,0.7497676014900208,-0.6562187075614929,-0.9428961873054504,-0.15234802663326263,-0.296204149723053,-0.32205790281295776,0.643924355506897,0.6940029859542847
300,1648569200.3485563,301.2398376464844,-22.645618438720703,1551.884765625,0.9967990517616272,-0.01707213930785656,-0.07810337841510773,0.006568259093910456,0.9911190867424011,-0.13281483948230743,0.07967718690633774,0.13187670707702637,0.9880587458610535
4,1648569200.3485825,79.32620239257812,-16.21691131591797,1485.4173583984375,0.08179610222578049,-0.9965341687202454,-0.01513628102838993,-0.9434321522712708,-0.08231591433286667,0.3211851119995117,-0.3213179111480713,-0.011991635896265507,-0.9468954801559448
410,1648569200.3486018,123.69400024414062,-62.96342086791992,1459.1285400390625,0.08530443161725998,0.7482854723930359,-0.657869279384613,-0.9425634741783142,-0.15341000258922577,-0.2967144548892975,-0.3229508399963379,0.6453946232795715,0.6922200322151184
300,1648569200.3989708,301.26312255859375,-22.65342903137207,1551.88330078125,0.9967684745788574,-0.017193792387843132,-0.07846605777740479,0.00660897558555007,0.9910656213760376,-0.1332111954689026,0.08005542308092117,0.13226214051246643,0.9879766702651978
4,1648569200.3989992,79.33258819580078,-16.283376693725586,1485.533447265625,0.08238141238689423,-0.9964756369590759,-0.015799734741449356,-0.9441340565681458,-0.08311070501804352,0.31890976428985596,-0.31909894943237305,-0.011355170980095863,-0.9476533532142639
410,1648569200.3990183,123.76353454589844,-62.9481315612793,1459.2098388671875,0.08334517478942871,0.7479268312454224,-0.6585279107093811,-0.9426581859588623,-0.15514299273490906,-0.29551005363464355,-0.32318589091300964,0.6453960537910461,0.6921089291572571
300,1648569200.449399,301.25421142578125,-22.65329933166504,1551.9105224609375,0.9967942237854004,-0.017219075933098793,-0.07813327759504318,0.006721143610775471,0.9911358952522278,-0.13268159329891205,0.07972535490989685,0.1317310929298401,0.9880743026733398
4,1648569200.4494252,79.76168823242188,-16.067485809326172,1485.419921875,0.08285977691411972,-0.996482253074646,-0.012544835917651653,-0.9425713419914246,-0.08245165646076202,0.32366809248924255,-0.3235638439655304,-0.014994663186371326,-0.9460875391960144
410,1648569200.4494438,123.99993896484375,-62.934173583984375,1458.9659423828125,0.08475969731807709,0.7492919564247131,-0.6567932367324829,-0.9434496760368347,-0.15167182683944702,-0.2947852909564972,-0.3204972743988037,0.6446372866630554,0.6940636038780212
300,1648569200.4998605,301.2416687011719,-22.649261474609375,1551.8863525390625,0.9968245625495911,-0.017102524638175964,-0.07777080684900284,0.006615804973989725,0.9910740256309509,-0.13314855098724365,0.07935380190610886,0.13221123814582825,0.9880400896072388
4,1648569200.499887,79.84874725341797,-16.143718719482422,1485.505615234375,0.08317282050848007,-0.9964291453361511,-0.01453501358628273,-0.9435606002807617,-0.08343527466058731,0.32051828503608704,-0.3205864727497101,-0.012943742796778679,-0.9471307992935181
410,1648569200.4999053,124.36259460449219,-62.97439956665039,1459.394775390625,0.08708778023719788,0.7462175488471985,-0.6599811315536499,-0.9431438446044922,-0.1515621542930603,-0.2958185374736786,-0.3207731544971466,0.6482192873954773,0.6905912756919861
300,1648569200.5502837,301.2563171386719,-22.655094146728516,1551.89892578125,0.996857225894928,-0.016996506601572037,-0.07737396657466888,0.006538160145282745,0.9910323619842529,-0.13346189260482788,0.0789484903216362,0.13253657519817352,0.9880289435386658
4,1648569200.55031,80.237060546875,-16.08810043334961,1485.50390625,0.08782985061407089,-0.9960787296295166,-0.010634484700858593,-0.9431523680686951,-0.08658889681100845,0.320883184671402,-0.3205457329750061,-0.018153183162212372,-0.9470590949058533
410,1648569200.550329,124.66325378417969,-62.892974853515625,1459.2930908203125,0.08644486218690872,0.746955931186676,-0.6592299342155457,-0.9435780048370361,-0.15093554556369781,-0.2947525084018707,-0.31966835260391235,0.6475147008895874,0.6917635798454285
300,1648569200.6007824,301.2701110839844,-22.639057159423828,1551.893310546875,0.9967669248580933,-0.01717628724873066,-0.07848992198705673,0.006625453941524029,0.9911268949508667,-0.13275392353534698,0.08007369190454483,0.1318046897649765,0.9880362749099731
4,1648569200.6008084,80.162109375,-16.155860900878906,1485.63671875,0.08619129657745361,-0.9961943626403809,-0.0129579808562994,-0.9440829157829285,-0.0858234241604805,0.3183421790599823,-0.31824278831481934,-0.015204918570816517,-0.9478873014450073
410,1648569200.6008263,124.63797760009766,-62.812294006347656,1459.3970947265625,0.08601503819227219,0.7486332654953003,-0.6573808789253235,-0.9425181746482849,-0.15270227193832397,-0.2972230315208435,-0.3228946030139923,0.6451590657234192,0.6924657821655273
300,1648569200.6514237,301.25115966796875,-22.649185180664062,1551.9151611328125,0.996803343296051,-0.017193341627717018,-0.07802258431911469,0.006720945239067078,0.9911537170410156,-0.13254858553409576,0.07961132377386093,0.131600484251976,0.9881008863449097
4,1648569200.6514509,80.25621795654297,-15.917299270629883,1485.3885498046875,0.08646366000175476,-0.9962225556373596,-0.008038912899792194,-0.9427236318588257,-0.08442451804876328,0.32271453738212585,-0.32217419147491455,-0.020324604585766792,-0.9464622139930725
410,1648569200.6514702,124.37012481689453,-62.7636604309082,1459.01318359375,0.08527914434671402,0.7500039935112,-0.6559126973152161,-0.9430057406425476,-0.15177282691001892,-0.2961506247520447,-0.32166388630867004,0.6437848806381226,0.6943150162696838
300,1648569200.7015252,301.2444763183594,-22.6385555267334,1551.8984375,0.9967674016952515,-0.01711711660027504,-0.07849660515785217,0.006568756885826588,0.9911322593688965,-0.13271662592887878,0.08007223904132843,0.131771981716156,0.9880408048629761
4,1648569200.7015512,80.12615203857422,-15.903250694274902,1485.3934326171875,0.08459054678678513,-0.9963756799697876,-0.008944442495703697,-0.9430301189422607,-0.08295398205518723,0.32220005989074707,-0.32177427411079407,-0.018820200115442276,-0.9466293454170227
410,1648569200.7015693,124.10139465332031,-62.694190979003906,1458.875732421875,0.0839073657989502,0.751139223575592,-0.6547896265983582,-0.9426903128623962,-0.1531260758638382,-0.29645806550979614,-0.3229466378688812,0.6421388387680054,0.695243239402771
300,1648569200.7346423,301.2525939941406,-22.642820358276367,1551.881591796875,0.9967304468154907,-0.017224641516804695,-0.0789414793252945,0.006537505425512791,0.9910019040107727,-0.13368791341781616,0.08053388446569443,0.1327347308397293,0.9878743886947632
4,1648569200.7346678,80.11351776123047,-15.898350715637207,1485.333740234375,0.08440233767032623,-0.9964024424552917,-0.007642335258424282,-0.9434282183647156,-0.08237847685813904,0.32118064165115356,-0.3206547498703003,-0.01989840157330036,-0.9469870924949646
410,1648569200.7346873,123.99121856689453,-62.68182373046875,1458.7977294921875,0.08315867930650711,0.7518243789672852,-0.6540984511375427,-0.9426792860031128,-0.15351110696792603,-0.29629388451576233,-0.32317233085632324,0.6412444710731506,0.6959635019302368
300,1648569200.7729635,301.2535705566406,-22.640867233276367,1551.8795166015625,0.9967483878135681,-0.017260422930121422,-0.07870690524578094,0.00664784898981452,0.9910731315612793,-0.13315361738204956,0.08030258119106293,0.13219740986824036,0.9879652261734009
4,1648569200.7729905,80.12149810791016,-15.85033893585205,1485.298828125,0.08450490981340408,-0.9963974356651306,-0.007148078642785549,-0.9429817199707031,-0.08228838443756104,0.32251212000846863,-0.3219384551048279,-0.020513352006673813,-0.9465383291244507
410,1648569200.773009,123.89970397949219,-62.65407180786133,1458.6871337890625,0.0830012634396553,0.7527698874473572,-0.6530300974845886,-0.9426167607307434,-0.1533477008342743,-0.2965773046016693,-0.32339510321617126,0.6401734352111816,0.6968454718589783
300,1648569200.8231764,301.25048828125,-22.634111404418945,1551.9083251953125,0.9967654943466187,-0.01718343235552311,-0.07850684970617294,0.006526574958115816,0.9909552931785583,-0.13403353095054626,0.0800999328494072,0.13308760523796082,0.9878621697425842
4,1648569200.823218,80.11373138427734,-15.83204460144043,1485.312255859375,0.0844230055809021,-0.9963953495025635,-0.00831213966012001,-0.9429880380630493,-0.08258756250143051,0.32241716980934143,-0.32194143533706665,-0.019381176680326462,-0.9465612173080444
410,1648569200.823238,123.89701080322266,-62.664817810058594,1458.739501953125,0.08288216590881348,0.7526699900627136,-0.6531603932380676,-0.9426020383834839,-0.1535293012857437,-0.29653021693229675,-0.3234686553478241,0.6402473449707031,0.696743369102478
300,1648569200.8590994,301.2469482421875,-22.63835334777832,1551.951171875,0.996830940246582,-0.01691889576613903,-0.07772911339998245,0.006531642749905586,0.9912293553352356,-0.13199125230312347,0.07928052544593811,0.1310652643442154,0.9881986379623413
4,1648569200.8591247,80.0801773071289,-15.833440780639648,1485.2879638671875,0.08369355648756027,-0.9964666366577148,-0.007045803125947714,-0.9431748986244202,-0.08149541169404984,0.3221484422683716,-0.3215843737125397,-0.02031632326543331,-0.946662962436676
410,1648569200.859143,123.84284973144531,-62.66971206665039,1458.695068359375,0.08250278234481812,0.7526847124099731,-0.6531914472579956,-0.9428534507751465,-0.15336529910564423,-0.2958149015903473,-0.32283222675323486,0.6402693390846252,0.6970183253288269
300,1648569200.8940353,301.2512512207031,-22.6398983001709,1551.933349609375,0.9968358874320984,-0.01710566319525242,-0.07762487977743149,0.006775123067200184,0.9913007020950317,-0.13144199550151825,0.07919800281524658,0.1305001825094223,0.9882799983024597
4,1648569200.894061,80.02153778076172,-15.83824348449707,1485.26953125,0.08400361984968185,-0.9964436888694763,-0.0065824431367218494,-0.9431539177894592,-0.081639364361763,0.3221733570098877,-0.32156500220298767,-0.02085546962916851,-0.9466578364372253
410,1648569200.8940802,123.80966186523438,-62.755584716796875,1458.7529296875,0.082707978785038,0.752072811126709,-0.6538699269294739,-0.9432454109191895,-0.15267805755138397,-0.2949194014072418,-0.3216324746608734,0.641152024269104,0.6967615485191345
300,1648569200.9463928,301.2475891113281,-22.63956069946289,1551.9091796875,0.9968670010566711,-0.01704888418316841,-0.07723662257194519,0.006686501204967499,0.9911625385284424,-0.13248459994792938,0.07881275564432144,0.13155308365821838,0.9881712198257446
4,1648569200.9464176,79.96177673339844,-15.861034393310547,1485.2808837890625,0.08331932127475739,-0.9965015053749084,-0.006532910279929638,-0.9431950449943542,-0.08097470551729202,0.32222071290016174,-0.32162240147590637,-0.020685402676463127,-0.9466420412063599
410,1648569200.9464357,123.70626068115234,-62.784027099609375,1458.7525634765625,0.08179119974374771,0.7516757249832153,-0.6544416546821594,-0.9432471990585327,-0.15367649495601654,-0.2943947911262512,-0.32186171412467957,0.6413791179656982,0.6964465975761414
300,1648569200.9950497,301.2400207519531,-22.644134521484375,1551.8389892578125,0.9967688322067261,-0.01705622300505638,-0.0784921795129776,0.006625056732445955,0.9913229942321777,-0.13128156960010529,0.0800502747297287,0.13033735752105713,0.9882328510284424
4,1648569200.995076,79.76227569580078,-15.956758499145508,1485.373779296875,0.0818210020661354,-0.9965976476669312,-0.009924078360199928,-0.943264901638031,-0.08064980059862137,0.3220977783203125,-0.3218022584915161,-0.0169933270663023,-0.9466543793678284
410,1648569200.9950948,123.61907958984375,-62.76179504394531,1458.789794921875,0.081822969019413,0.7519130706787109,-0.6541649103164673,-0.9427516460418701,-0.15452593564987183,-0.29553526639938354,-0.3233022689819336,0.6408966183662415,0.6962234973907471
300,1648569201.0473216,301.2273254394531,-22.66567039489746,1551.8946533203125,0.9968042373657227,-0.017036067321896553,-0.07804536074399948,0.006563964765518904,0.9911587834358215,-0.13251857459545135,0.07961294054985046,0.13158278167247772,0.9881030917167664
4,1648569201.0473464,79.50870513916016,-16.08283805847168,1485.437255859375,0.07868598401546478,-0.996861457824707,-0.00870459247380495,-0.9435599446296692,-0.07729090005159378,0.32205700874328613,-0.3217190206050873,-0.01712806709110737,-0.9466802477836609
410,1648569201.0473652,123.58956146240234,-62.87818145751953,1459.0400390625,0.08230151981115341,0.7486937046051025,-0.6577873229980469,-0.9424895644187927,-0.1560686081647873,-0.29556041955947876,-0.32394418120384216,0.6442827582359314,0.6927913427352905
300,1648569201.0959568,301.2415771484375,-22.65968132019043,1551.9295654296875,0.9968293309211731,-0.017125356942415237,-0.0777043029665947,0.006731399800628424,0.9912133812904358,-0.1321011334657669,0.07928382605314255,0.1311592310667038,0.9881858825683594
4,1648569201.0959833,79.62740325927734,-15.998421669006348,1485.2647705078125,0.08076941967010498,-0.9967195391654968,-0.005139870569109917,-0.943604052066803,-0.0781242623925209,0.32172664999961853,-0.3210727870464325,-0.021135671064257622,-0.9468186497688293
410,1648569201.0960019,123.5383529663086,-62.8289680480957,1458.786865234375,0.08147131651639938,0.7477121949195862,-0.6590059995651245,-0.9416256546974182,-0.15896174311637878,-0.2967698574066162,-0.32665517926216125,0.6447151303291321,0.6911141276359558
300,1648569201.148128,301.2481994628906,-22.672245025634766,1551.928466796875,0.9968067407608032,-0.01714770309627056,-0.07798899710178375,0.006613275036215782,0.9910432696342468,-0.13337725400924683,0.07957758754491806,0.13243559002876282,0.987991988658905
4,1648569201.1481528,79.6355972290039,-15.902212142944336,1485.0048828125,0.08119232952594757,-0.996678352355957,-0.006325461436063051,-0.9430543780326843,-0.0788748636841774,0.32315194606781006,-0.32257747650146484,-0.020272206515073776,-0.946325957775116
410,1648569201.1481705,123.60746002197266,-63.437538146972656,1458.052734375,0.08590064942836761,0.7449736595153809,-0.6615400910377502,-0.9403000473976135,-0.1588626205921173,-0.30099591612815857,-0.3293280303478241,0.6479018926620483,0.6868523955345154
300,1648569201.1968257,301.2454528808594,-22.6766300201416,1551.904052734375,0.9968317151069641,-0.01710197702050209,-0.07767945528030396,0.006574899423867464,0.9909861087799072,-0.133803129196167,0.07926756143569946,0.1328684687614441,0.9879587888717651
4,1648569201.1968522,80.12528228759766,-15.559643745422363,1484.596435546875,0.08229092508554459,-0.9965795278549194,-0.007577391341328621,-0.9413353800773621,-0.08022161573171616,0.32779911160469055,-0.3272857367992401,-0.019842024892568588,-0.9447170495986938
410,1648569201.1968708,124.81753540039062,-66.02082824707031,1456.69384765625,0.09088760614395142,0.7443867921829224,-0.6615343689918518,-0.9404357075691223,-0.15436647832393646,-0.3029053807258606,-0.3275974988937378,0.6496608853340149,0.6860179305076599
300,1648569201.2491462,301.262451171875,-22.67406463623047,1551.969482421875,0.9968381524085999,-0.0171970184892416,-0.0775751993060112,0.006701659876853228,0.991016149520874,-0.13357429206371307,0.07917535305023193,0.1326320767402649,0.9879979491233826
4,1648569201.2491705,80.48851776123047,-15.485657691955566,1484.5657958984375,0.08887983858585358,-0.9959705471992493,-0.0119621055200696,-0.9396801590919495,-0.08782703429460526,0.3305867314338684,-0.3303052484989166,-0.018141943961381912,-0.9436997771263123
410,1648569201.2491884,126.24493408203125,-69.90487670898438,1455.24267578125,0.09425054490566254,0.7405033707618713,-0.6654108762741089,-0.9393985271453857,-0.1551455408334732,-0.3057127892971039,-0.32961687445640564,0.6538995504379272,0.6810051798820496
300,1648569201.2978702,301.2572937011719,-22.6777286529541,1551.9434814453125,0.9968833923339844,-0.01703227125108242,-0.07702852785587311,0.00667576864361763,0.9911260008811951,-0.13275812566280365,0.07860615104436874,0.1318301409482956,0.9881507158279419
4,1648569201.297897,80.65697479248047,-15.525710105895996,1484.6524658203125,0.0902663841843605,-0.9958475232124329,-0.011820823885500431,-0.9397026300430298,-0.0890965685248375,0.33018290996551514,-0.3298650085926056,-0.018696356564760208,-0.9438429474830627
410,1648569201.297916,127.43934631347656,-74.38250732421875,1454.0064697265625,0.09763599187135696,0.7353553771972656,-0.6706114411354065,-0.937765896320343,-0.15766216814517975,-0.3094152808189392,-0.3332602381706238,0.6590865850448608,0.6741976737976074
300,1648569201.350155,301.27618408203125,-22.697040557861328,1552.03857421875,0.9968605041503906,-0.01710413582623005,-0.0773082822561264,0.006673892494291067,0.9910651445388794,-0.13321174681186676,0.07889601588249207,0.13227759301662445,0.9880678653717041
4,1648569201.3501797,80.96217346191406,-15.4522066116333,1484.301025390625,0.09186822175979614,-0.9957695603370667,-0.001782250707037747,-0.9397147297859192,-0.08728845417499542,0.33063116669654846,-0.3293880224227905,-0.028699688613414764,-0.9437583684921265
410,1648569201.3501978,128.7492218017578,-78.56165313720703,1452.899169921875,0.10556450486183167,0.7275927066802979,-0.6778384447097778,-0.9389058351516724,-0.15162393450737,-0.3089756965637207,-0.32758501172065735,0.6690433621406555,0.6671349406242371
300,1648569201.3987098,301.2569580078125,-22.70840072631836,1551.9522705078125,0.9967741966247559,-0.017096087336540222,-0.07841479778289795,0.006576150190085173,0.991161048412323,-0.13250099122524261,0.07998694479465485,0.1315579116344452,0.9880762100219727
4,1648569201.3987365,81.12781524658203,-15.282791137695312,1484.2093505859375,0.09164243191480637,-0.9957906007766724,0.0016557850176468492,-0.9385428428649902,-0.08581801503896713,0.3343241512775421,-0.3327747583389282,-0.032192301005125046,-0.9424567222595215
410,1648569201.3987556,129.4642333984375,-80.84813690185547,1452.2652587890625,0.11344392597675323,0.7259050607681274,-0.6783747673034668,-0.9384102821350098,-0.14600171148777008,-0.3131607174873352,-0.3263688385486603,0.6721200346946716,0.6646337509155273
300,1648569201.4509144,301.2549743652344,-22.698820114135742,1551.887451171875,0.9967858791351318,-0.017301231622695923,-0.07822153717279434,0.006792270112782717,0.9911373257637024,-0.13266752660274506,0.07982359081506729,0.13170981407165527,0.9880691766738892
4,1648569201.4509397,80.84412384033203,-15.666847229003906,1484.52001953125,0.08995381742715836,-0.9959167242050171,-0.0076310173608362675,-0.9414750337600708,-0.08753073215484619,0.32551974058151245,-0.32485848665237427,-0.022097330540418625,-0.9455044269561768
410,1648569201.4509578,130.6999969482422,-83.35968780517578,1452.1263427734375,0.12245448678731918,0.7237879633903503,-0.6790698766708374,-0.9380648136138916,-0.13902795314788818,-0.3173414468765259,-0.324097603559494,0.6758714318275452,0.6619354486465454
300,1648569201.4995165,301.2641906738281,-22.693510055541992,1551.9656982421875,0.9968581795692444,-0.01714981719851494,-0.07732802629470825,0.00675653712823987,0.9911314845085144,-0.13271275162696838,0.07891824096441269,0.13177333772182465,0.988133430480957
4,1648569201.4995422,81.2687759399414,-15.692915916442871,1484.546142578125,0.09412714093923569,-0.9955518841743469,-0.004065342713147402,-0.9410228133201599,-0.09030304849147797,0.3260696530342102,-0.32498636841773987,-0.026866422966122627,-0.9453369975090027
410,1648569201.499561,131.6068878173828,-85.60698699951172,1451.601806640625,0.1252710074186325,0.7241706848144531,-0.6781474947929382,-0.9382911324501038,-0.13561733067035675,-0.3181472718715668,-0.32236146926879883,0.676154375076294,0.6624940037727356
300,1648569201.5518022,301.2677001953125,-22.706945419311523,1551.9383544921875,0.996734082698822,-0.017475584521889687,-0.07884007692337036,0.006851475685834885,0.9910839200019836,-0.1330626904964447,0.08046247810125351,0.13208794593811035,0.9879668951034546
4,1648569201.55184,81.90435028076172,-15.517934799194336,1484.2657470703125,0.09620179235935211,-0.9953514337539673,0.004556677304208279,-0.9394004344940186,-0.08927879482507706,0.3309926688671112,-0.32904720306396484,-0.036122631281614304,-0.943622350692749
410,1648569201.5518582,132.1544189453125,-88.02792358398438,1450.481689453125,0.1263459175825119,0.7227639555931091,-0.679447591304779,-0.9398646950721741,-0.13187971711158752,-0.3150588572025299,-0.31731852889060974,0.6783952116966248,0.6626378297805786
300,1648569201.6004395,301.28179931640625,-22.673500061035156,1551.98486328125,0.9968248009681702,-0.01731048710644245,-0.07772138714790344,0.006773858331143856,0.9909802079200745,-0.133837029337883,0.07933714240789413,0.13288559019565582,0.9879509210586548
4,1648569201.6004663,82.1615982055664,-15.438618659973145,1484.080078125,0.1001707911491394,-0.9949643611907959,0.0034232959151268005,-0.9377331733703613,-0.09325764328241348,0.334603488445282,-0.3325992822647095,-0.03672763332724571,-0.9423527717590332
410,1648569201.6004844,132.3884735107422,-91.70550537109375,1448.588623046875,0.12341030687093735,0.7263279557228088,-0.6761786937713623,-0.9394723773002625,-0.13395437598228455,-0.3153536021709442,-0.31962722539901733,0.6741690635681152,0.6658337116241455
300,1648569201.6525974,301.2814636230469,-22.7015323638916,1551.9560546875,0.9968916177749634,-0.017150701954960823,-0.0768955647945404,0.006814067717641592,0.9911299347877502,-0.132721409201622,0.0784897580742836,0.13178488612174988,0.9881660342216492
4,1648569201.6526217,82.00871276855469,-15.31322956085205,1484.0858154296875,0.09996796399354935,-0.9949889779090881,-0.001841908902861178,-0.9374291896820068,-0.0948050394654274,0.33502012491226196,-0.3335159420967102,-0.031764619052410126,-0.9422091841697693
410,1648569201.6526392,132.1521759033203,-96.13355255126953,1446.45263671875,0.1202932670712471,0.7301937937736511,-0.6725671291351318,-0.936944842338562,-0.14041703939437866,-0.320027232170105,-0.32812178134918213,0.6686554551124573,0.6672600507736206
300,1648569201.7012434,301.2675476074219,-22.70281982421875,1551.9561767578125,0.9968525767326355,-0.01716420240700245,-0.07739737629890442,0.006751070264726877,0.9911138415336609,-0.13284501433372498,0.07898978888988495,0.13190437853336334,0.9881102442741394
4,1648569201.70127,81.37266540527344,-15.323945045471191,1483.9615478515625,0.09456410259008408,-0.9955160617828369,-0.002318738028407097,-0.9378231167793274,-0.08986476808786392,0.3352791666984558,-0.3339841961860657,-0.029530808329582214,-0.9421159625053406
410,1648569201.7012887,131.79901123046875,-99.90506744384766,1444.9921875,0.11660854518413544,0.7314988374710083,-0.671797513961792,-0.9375386238098145,-0.14214712381362915,-0.3175145387649536,-0.3277556002140045,0.6668610572814941,0.6692328453063965
300,1648569201.753478,301.2559814453125,-22.698013305664062,1551.9451904296875,0.9968291521072388,-0.017162634059786797,-0.0776987373828888,0.006643838714808226,0.9910045266151428,-0.1336633712053299,0.07929381728172302,0.13272333145141602,0.9879761934280396
4,1648569201.7535033,80.94961547851562,-15.228074073791504,1483.765625,0.09036628901958466,-0.9959071278572083,0.001697296742349863,-0.9382482171058655,-0.08456271886825562,0.33546894788742065,-0.333952397108078,-0.031907565891742706,-0.9420497417449951
410,1648569201.753522,131.10870361328125,-103.26203918457031,1443.7431640625,0.11358709633350372,0.7328722476959229,-0.6708175539970398,-0.9392101168632507,-0.14098608493804932,-0.3130611777305603,-0.3240097761154175,0.6655983328819275,0.6723068356513977
300,1648569201.8020797,301.2571105957031,-22.699861526489258,1551.9656982421875,0.9968240857124329,-0.017199795693159103,-0.07775577157735825,0.006759779527783394,0.9911485910415649,-0.13258489966392517,0.07934796065092087,0.13163821399211884,0.9881170392036438
4,1648569201.8021066,80.59380340576172,-15.301299095153809,1483.932373046875,0.08474449068307877,-0.9964027404785156,3.916201421816368e-06,-0.9390049576759338,-0.07986146956682205,0.3345024287700653,-0.33329883217811584,-0.028350915759801865,-0.9423949122428894
410,1648569201.802125,130.64134216308594,-106.97078704833984,1442.52978515625,0.11037297546863556,0.7355900406837463,-0.6683750152587891,-0.9390838146209717,-0.14304403960704803,-0.3125060498714447,-0.32548338174819946,0.6621523499488831,0.6749924421310425
300,1648569201.8544035,301.26971435546875,-22.70444679260254,1551.9862060546875,0.9968156218528748,-0.017201166599988937,-0.07786372303962708,0.006764348596334457,0.9911776781082153,-0.13236720860004425,0.07945365458726883,0.13141900300979614,0.9881377220153809
4,1648569201.8544295,79.80753326416016,-15.725064277648926,1484.4090576171875,0.08012038469314575,-0.9967784285545349,-0.0036694335285574198,-0.9410372376441956,-0.07685276865959167,0.329458087682724,-0.3286787271499634,-0.02294323407113552,-0.9441630840301514
410,1648569201.854448,130.18495178222656,-111.82361602783203,1441.3780517578125,0.10729142278432846,0.7356500029563904,-0.6688106060028076,-0.938494086265564,-0.14712508022785187,-0.3123828172683716,-0.3282032310962677,0.6611908078193665,0.6746179461479187
300,1648569201.8885586,301.26959228515625,-22.706098556518555,1551.9775390625,0.9968050718307495,-0.01719493791460991,-0.0779997929930687,0.0066772946156561375,0.991073727607727,-0.13314765691757202,0.07959301024675369,0.1322014331817627,0.9880221486091614
4,1648569201.8885849,79.75045776367188,-15.603586196899414,1484.299560546875,0.07907707244157791,-0.9968622922897339,-0.003524510655552149,-0.9399527907371521,-0.0757393017411232,0.332794725894928,-0.3320174515247345,-0.023003557696938515,-0.9429926872253418
410,1648569201.8886042,130.15631103515625,-114.82038116455078,1440.3514404296875,0.10610026121139526,0.7350145578384399,-0.6696987152099609,-0.9397068619728088,-0.14608415961265564,-0.3092093765735626,-0.325105756521225,0.662127673625946,0.6751986145973206
300,1648569201.953555,301.2615051269531,-22.714141845703125,1552.02490234375,0.9968920946121216,-0.017116883769631386,-0.0768967792391777,0.00687836529687047,0.9912941455841064,-0.13148635625839233,0.07847796380519867,0.13054879009723663,0.9883310198783875
4,1648569201.953582,79.6326675415039,-15.658610343933105,1484.308349609375,0.07774646580219269,-0.9969648122787476,-0.0040744999423623085,-0.9406362771987915,-0.07470692694187164,0.33109259605407715,-0.33039209246635437,-0.021908657625317574,-0.943589448928833
410,1648569201.9536016,130.6735382080078,-121.64785766601562,1438.3502197265625,0.10523641854524612,0.7351198792457581,-0.6697193384170532,-0.940528154373169,-0.1451696753501892,-0.30713602900505066,-0.32300475239753723,0.6622118353843689,0.676123857498169
300,1648569201.98968,301.2655029296875,-22.70780372619629,1552.0115966796875,0.9968871474266052,-0.017090652137994766,-0.07696731388568878,0.006849919445812702,0.9913058280944824,-0.1313995122909546,0.07854385673999786,0.13046325743198395,0.9883370995521545
4,1648569201.989706,79.4886703491211,-15.80444049835205,1484.501708984375,0.078633151948452,-0.996874213218689,-0.007658883463591337,-0.9409154653549194,-0.07675318419933319,0.3298288583755493,-0.3293857276439667,-0.01872912049293518,-0.9440096616744995
410,1648569201.9897234,131.00804138183594,-125.71146392822266,1437.080322265625,0.10501796007156372,0.7365595102310181,-0.668170154094696,-0.9401010870933533,-0.14558549225330353,-0.3082446753978729,-0.3243164122104645,0.6605187058448792,0.6771513223648071
300,1648569202.0805116,301.26104736328125,-22.686283111572266,1551.9432373046875,0.9967566728591919,-0.017372017726302147,-0.07857672870159149,0.006788674276322126,0.9910929203033447,-0.1329990178346634,0.08018730580806732,0.13203422725200653,0.9879964590072632
4,1648569202.0805361,80.47599029541016,-15.241315841674805,1484.109375,0.08320055902004242,-0.9965209364891052,0.004870065953582525,-0.9390653967857361,-0.07676608860492706,0.33505696058273315,-0.3335174024105072,-0.03245023638010025,-0.9421852827072144
410,1648569202.0805542,132.23794555664062,-142.43246459960938,1430.3974609375,0.09786757081747055,0.7458528876304626,-0.6588819622993469,-0.9401694536209106,-0.14781345427036285,-0.30697333812713623,-0.32634854316711426,0.6495034098625183,0.6867619156837463
