300,1648569303.5575764,301.0773010253906,-22.655181884765625,1551.842529296875,0.9965312480926514,-0.016257483512163162,-0.08161611109972,0.0051610092632472515,0.9909178614616394,-0.1343695968389511,0.08305937051773071,0.13348227739334106,0.9875645041465759
4,1648569303.5576022,90.17514038085938,-49.257720947265625,1524.747314453125,0.1351371556520462,-0.9907419085502625,0.012978514656424522,-0.9765382409095764,-0.13096041977405548,0.17094573378562927,-0.16766342520713806,-0.035775136202573776,-0.985194981098175
410,1648569303.5576203,141.08587646484375,-153.83599853515625,1499.5704345703125,0.10636285692453384,0.7395139336585999,-0.6646849513053894,-0.9820759892463684,-0.02648255042731762,-0.18661566078662872,-0.1556074470281601,0.6726201176643372,0.7234421372413635
300,1648569303.5920548,301.0849914550781,-22.650075912475586,1551.9119873046875,0.9965963363647461,-0.016251983121037483,-0.08081825077533722,0.005247638560831547,0.990892767906189,-0.13455122709274292,0.08226894587278366,0.1336691528558731,0.9876053929328918
4,1648569303.5920808,90.37256622314453,-49.12253952026367,1524.6878662109375,0.1360701024532318,-0.9906354546546936,0.011240030638873577,-0.9758950471878052,-0.13207411766052246,0.17373903095722198,-0.17062753438949585,-0.034609775990247726,-0.9847275614738464
410,1648569303.5921001,141.0282745361328,-152.5603485107422,1499.413330078125,0.1048128679394722,0.7422139048576355,-0.6619160175323486,-0.98288893699646,-0.024063322693109512,-0.18262065947055817,-0.15147149562835693,0.6697309017181396,0.7269916534423828
300,1648569303.625165,301.081787109375,-22.655467987060547,1551.90087890625,0.9965206384658813,-0.01618131995201111,-0.08176017552614212,0.004962611477822065,0.9907518029212952,-0.13559569418430328,0.08319815993309021,0.1347181648015976,0.9873849749565125
4,1648569303.6251895,90.142333984375,-49.239234924316406,1524.6416015625,0.1342587023973465,-0.9908945560455322,0.010130396112799644,-0.976570188999176,-0.13056901097297668,0.17106246948242188,-0.1681821495294571,-0.032859668135643005,-0.9852080941200256
410,1648569303.6252077,140.83544921875,-151.1348876953125,1499.408935546875,0.10398649424314499,0.7424288988113403,-0.6618052124977112,-0.9826474189758301,-0.026067644357681274,-0.18364229798316956,-0.153593048453331,0.6694175601005554,0.7268351316452026
300,1648569303.67368,301.0732116699219,-22.65949058532715,1551.874755859375,0.9965150356292725,-0.016253085806965828,-0.08181481808423996,0.004998637363314629,0.9907062649726868,-0.13592667877674103,0.08326368033885956,0.13504400849342346,0.9873349070549011
4,1648569303.6737075,89.95304107666016,-49.22126388549805,1524.6123046875,0.13479819893836975,-0.9908289313316345,0.009355195797979832,-0.9758964776992798,-0.13111956417560577,0.17445257306098938,-0.1716260015964508,-0.03264559805393219,-0.9846211075782776
410,1648569303.6737256,140.58782958984375,-149.38743591308594,1499.5279541015625,0.10578703135251999,0.7424371838569641,-0.6615104675292969,-0.9823090434074402,-0.02535293437540531,-0.18554282188415527,-0.15452513098716736,0.6694357395172119,0.7266207933425903
300,1648569303.7240663,301.0738525390625,-22.647485733032227,1551.8590087890625,0.9964745044708252,-0.016388999298214912,-0.08227984607219696,0.005044491495937109,0.9906638860702515,-0.1362336426973343,0.08374439924955368,0.13533829152584076,0.9872539639472961
4,1648569303.724094,90.22344970703125,-49.042083740234375,1524.46240234375,0.13681119680404663,-0.9905195832252502,0.012393265031278133,-0.9750890135765076,-0.13245373964309692,0.17792543768882751,-0.1745970994234085,-0.03642673045396805,-0.9839659333229065
410,1648569303.7241132,140.67030334472656,-148.26248168945312,1499.4566650390625,0.10873576253652573,0.7431325912475586,-0.6602503061294556,-0.9816511869430542,-0.02439039759337902,-0.18911902606487274,-0.1566442847251892,0.6686995029449463,0.7268449068069458
300,1648569303.7586124,301.077392578125,-22.64720916748047,1551.84619140625,0.9964559674263,-0.016450898721814156,-0.0824914425611496,0.005100572481751442,0.9907013773918152,-0.1359587460756302,0.08396103233098984,0.13505613803863525,0.9872742295265198
4,1648569303.75864,90.15316009521484,-49.030086517333984,1524.2974853515625,0.137333482503891,-0.990474283695221,0.01001073606312275,-0.9747130870819092,-0.13333572447299957,0.17932094633579254,-0.1762779951095581,-0.03438436612486839,-0.9837396740913391
410,1648569303.7586594,140.51504516601562,-148.25741577148438,1499.439208984375,0.10840149968862534,0.7411863207817078,-0.6624892354011536,-0.9812039136886597,-0.027250856161117554,-0.19103999435901642,-0.15964962542057037,0.6707460284233093,0.7243008613586426
300,1648569303.7898414,301.0820007324219,-22.652013778686523,1551.89501953125,0.9965429902076721,-0.016298796981573105,-0.08146419376134872,0.005115753039717674,0.9907448291778564,-0.135640949010849,0.08292101323604584,0.13475529849529266,0.9874032139778137
4,1648569303.7898667,90.02587890625,-49.080055236816406,1524.388916015625,0.13313010334968567,-0.9910520911216736,0.009598706848919392,-0.9756859540939331,-0.12935228645801544,0.17693178355693817,-0.17410700023174286,-0.032920271158218384,-0.9841763377189636
410,1648569303.7898853,140.3501434326172,-148.24319458007812,1499.44384765625,0.10816792398691177,0.7418283820152283,-0.661808431148529,-0.9813136458396912,-0.02688741311430931,-0.19052720069885254,-0.15913279354572296,0.6700505614280701,0.7250578999519348
300,1648569303.8304248,301.0833435058594,-22.653594970703125,1551.9183349609375,0.9965712428092957,-0.01626219041645527,-0.08112489432096481,0.005218235310167074,0.990895688533783,-0.13453072309494019,0.08257406949996948,0.1336461305618286,0.9875830411911011
4,1648569303.8304498,90.02422332763672,-49.01300048828125,1524.326171875,0.13587744534015656,-0.9906078577041626,0.015277919359505177,-0.9751867055892944,-0.13100987672805786,0.178458109498024,-0.1747804433107376,-0.039147257804870605,-0.9838289022445679
410,1648569303.8305,140.1515655517578,-148.24290466308594,1499.308837890625,0.1064954623579979,0.7414590716362,-0.662493109703064,-0.982043445110321,-0.025914639234542847,-0.18686656653881073,-0.15572218596935272,0.670497477054596,0.7253852486610413
300,1648569303.8633316,301.09033203125,-22.652231216430664,1551.891845703125,0.9964491724967957,-0.016239654272794724,-0.0826154500246048,0.005036586429923773,0.9909624457359314,-0.13404497504234314,0.0840456560254097,0.13315290212631226,0.9875255227088928
4,1648569303.863358,89.76582336425781,-49.224918365478516,1524.477294921875,0.1329645812511444,-0.9910702705383301,0.01000953745096922,-0.9760828614234924,-0.12918788194656372,0.1748506873846054,-0.17199620604515076,-0.033019088208675385,-0.9845440983772278
410,1648569303.8633785,140.1115264892578,-148.45021057128906,1499.5147705078125,0.10573980957269669,0.7412373423576355,-0.6628621816635132,-0.981848955154419,-0.027724614366889,-0.18762728571891785,-0.15745395421981812,0.670670211315155,0.7248514890670776
300,1648569303.9042757,301.0810241699219,-22.660802841186523,1551.8956298828125,0.9965470433235168,-0.01629825495183468,-0.08141456544399261,0.00523416418582201,0.9909263849258423,-0.1343037337064743,0.08286475390195847,0.13341385126113892,0.9875900745391846
4,1648569303.9043033,89.6456527709961,-49.35139083862305,1524.5335693359375,0.13362453877925873,-0.9909675717353821,0.011302965693175793,-0.9764806628227234,-0.12970668077468872,0.17222581803798676,-0.16920413076877594,-0.034050725400447845,-0.9849926233291626
410,1648569303.904323,140.00526428222656,-148.82400512695312,1499.6712646484375,0.10304715484380722,0.7397589087486267,-0.6649346351623535,-0.9827449917793274,-0.027512745931744576,-0.18290802836418152,-0.1536020189523697,0.6723092794418335,0.7241592407226562
300,1648569303.9354084,301.0740661621094,-22.657005310058594,1551.915283203125,0.9965717196464539,-0.01623796671628952,-0.08112434297800064,0.005172560922801495,0.9908607006072998,-0.1347898244857788,0.08257163316011429,0.13390810787677765,0.987547755241394
4,1648569303.9354353,89.22068786621094,-49.408451080322266,1524.55517578125,0.1234607994556427,-0.9923245310783386,0.007029222324490547,-0.9773544669151306,-0.1203654557466507,0.17404122650623322,-0.17185930907726288,-0.028357312083244324,-0.9847132563591003
410,1648569303.9354553,139.78028869628906,-149.0556182861328,1500.0391845703125,0.10518564283847809,0.7376381158828735,-0.6669527292251587,-0.9823457598686218,-0.027261504903435707,-0.1850772649049759,-0.15470218658447266,0.6746456623077393,0.7217481732368469
300,1648569303.9697888,301.0780944824219,-22.6536922454834,1551.9029541015625,0.9965682029724121,-0.016199612990021706,-0.08117524534463882,0.005155307240784168,0.9909058809280396,-0.13445818424224854,0.0826151967048645,0.13357825577259064,0.9875887632369995
4,1648569303.9698157,89.18274688720703,-49.35420227050781,1524.5517578125,0.13154631853103638,-0.9912462830543518,0.011240686289966106,-0.9762260317802429,-0.12756577134132385,0.17524191737174988,-0.17227397859096527,-0.034025877714157104,-0.98446124792099
410,1648569303.969834,139.71205139160156,-149.14146423339844,1500.33203125,0.10669784992933273,0.7370991706848145,-0.6673083305358887,-0.9823993444442749,-0.025337722152471542,-0.1850663423538208,-0.1533203274011612,0.675309419631958,0.7214222550392151
300,1648569304.0087354,301.08734130859375,-22.6562557220459,1551.8885498046875,0.9964531064033508,-0.016322877258062363,-0.08255194127559662,0.00497574545443058,0.9907192587852478,-0.13583315908908844,0.08400298655033112,0.13494060933589935,0.9872864484786987
4,1648569304.0087621,89.0096664428711,-49.35974884033203,1524.6207275390625,0.12628410756587982,-0.9919571876525879,0.008560894057154655,-0.9765876531600952,-0.12280311435461044,0.17662391066551208,-0.17415204644203186,-0.030665256083011627,-0.9842411875724792
410,1648569304.0087812,139.54156494140625,-149.2013702392578,1500.26806640625,0.10483477264642715,0.7369183897972107,-0.6678030490875244,-0.9828779697418213,-0.025539373978972435,-0.18247927725315094,-0.15152761340141296,0.6754990816116333,0.721623420715332
300,1648569304.0416038,301.08477783203125,-22.662620544433594,1551.8828125,0.996457576751709,-0.016307001933455467,-0.08250094205141068,0.005070454906672239,0.9908850193023682,-0.13461506366729736,0.08394411206245422,0.13371989130973816,0.9874575138092041
4,1648569304.0416284,89.27517700195312,-49.42864990234375,1524.6221923828125,0.13009662926197052,-0.991445779800415,0.010495384223759174,-0.9771956205368042,-0.12642070651054382,0.17060627043247223,-0.1678200364112854,-0.03245134279131889,-0.985283374786377
410,1648569304.0416462,139.51162719726562,-149.26585388183594,1500.1572265625,0.10348536819219589,0.7372033596038818,-0.6676989793777466,-0.9829767942428589,-0.02666032686829567,-0.1817852109670639,-0.15181374549865723,0.6751447319984436,0.7218948602676392
300,1648569304.0852005,301.0818176269531,-22.6617488861084,1551.910400390625,0.9965307712554932,-0.016243763267993927,-0.08162475377321243,0.0051307897083461285,0.9908931255340576,-0.13455285131931305,0.08306705206632614,0.1336672604084015,0.9875388145446777
4,1648569304.0852265,89.55956268310547,-49.2229118347168,1524.6219482421875,0.13007552921772003,-0.9914336204528809,0.011822371743619442,-0.9761120080947876,-0.1259543001651764,0.17703363299369812,-0.17402802407741547,-0.034567706286907196,-0.984133780002594
410,1648569304.085245,139.36016845703125,-149.21510314941406,1499.7823486328125,0.09924831986427307,0.7388967275619507,-0.6664693355560303,-0.9825406670570374,-0.03315139561891556,-0.18307062983512878,-0.15736468136310577,0.6730026602745056,0.7227058410644531
300,1648569304.1165576,301.0843505859375,-22.657032012939453,1551.9287109375,0.9965679049491882,-0.01619524136185646,-0.08117944002151489,0.005056967027485371,0.9907541871070862,-0.13557487726211548,0.08262453973293304,0.1346990466117859,0.9874357581138611
4,1648569304.1165838,89.55162811279297,-49.334922790527344,1524.6119384765625,0.13074195384979248,-0.9913201928138733,0.013813826255500317,-0.9765335321426392,-0.12636157870292664,0.17439892888069153,-0.1711396425962448,-0.03629092127084732,-0.9845781922340393
410,1648569304.1166053,139.1941375732422,-149.263427734375,1499.4288330078125,0.09802819788455963,0.7413240671157837,-0.6639496088027954,-0.9822859168052673,-0.03498714417219162,-0.18409308791160583,-0.1597023457288742,0.6702346801757812,0.724762499332428
300,1648569304.1506517,301.0899963378906,-22.65692138671875,1551.9056396484375,0.9964727759361267,-0.016346760094165802,-0.08230937272310257,0.005018880590796471,0.9906970858573914,-0.1359931379556656,0.08376670628786087,0.1351003497838974,0.9872846603393555
4,1648569304.150677,89.49516296386719,-49.26851272583008,1524.4791259765625,0.12882210314273834,-0.9915581941604614,0.014737281948328018,-0.976405680179596,-0.12422825396060944,0.17663322389125824,-0.17331132292747498,-0.037143830209970474,-0.9841663837432861
410,1648569304.1506956,139.0673828125,-149.4713897705078,1499.2437744140625,0.10123324394226074,0.7423216104507446,-0.6623522043228149,-0.982391357421875,-0.030498767271637917,-0.18432874977588654,-0.15703214704990387,0.6693492531776428,0.726162850856781
300,1648569304.1824303,301.09832763671875,-22.657499313354492,1551.89697265625,0.9964115619659424,-0.016413524746894836,-0.08303400874137878,0.005044612567871809,0.9907896518707275,-0.1353161334991455,0.08449024707078934,0.13441167771816254,0.9873170256614685
4,1648569304.1824558,89.26888275146484,-49.391929626464844,1524.576171875,0.12824054062366486,-0.9916749000549316,0.011629462242126465,-0.9765868782997131,-0.124229796230793,0.17562754452228546,-0.17272070050239563,-0.03387974947690964,-0.984387993812561
410,1648569304.1824968,139.26467895507812,-149.69851684570312,1499.4793701171875,0.10032567381858826,0.7390612959861755,-0.666125476360321,-0.98255455493927,-0.03177697956562042,-0.1832396239042282,-0.15659277141094208,0.6728882789611816,0.7229799628257751
300,1648569304.213651,301.1002197265625,-22.658504486083984,1551.889892578125,0.9964820742607117,-0.01638288050889969,-0.08218926936388016,0.005131374578922987,0.9907938241958618,-0.13528205454349518,0.0836489349603653,0.1343844085931778,0.9873923659324646
4,1648569304.2136765,89.15751647949219,-49.480377197265625,1524.5880126953125,0.12818914651870728,-0.9916934967041016,0.010561344213783741,-0.9769653677940369,-0.12443909794092178,0.17335964739322662,-0.1706053912639618,-0.03254089131951332,-0.9848019480705261
410,1648569304.213696,139.09823608398438,-149.84210205078125,1499.614501953125,0.10099059343338013,0.7416646480560303,-0.6631247401237488,-0.9822090268135071,-0.03174334019422531,-0.18508853018283844,-0.15832342207431793,0.6700193285942078,0.7252639532089233
300,1648569304.2622635,301.0762023925781,-22.658262252807617,1551.9298095703125,0.996553361415863,-0.016241101548075676,-0.08134844899177551,0.005115463864058256,0.9908122420310974,-0.13514761626720428,0.08279599249362946,0.1342656910419464,0.9874804019927979
4,1648569304.2622898,89.20597076416016,-49.50368881225586,1524.6942138671875,0.12849171459674835,-0.9916707873344421,0.008884248323738575,-0.9770075082778931,-0.12504471838474274,0.17268508672714233,-0.17013584077358246,-0.03086858242750168,-0.9849370121955872
410,1648569304.2623096,139.3915557861328,-150.16322326660156,1499.75927734375,0.10139847546815872,0.7388158440589905,-0.6662352681159973,-0.9824788570404053,-0.03089916706085205,-0.18379490077495575,-0.1563767045736313,0.6731985807418823,0.7227378487586975
300,1648569304.3129523,301.0777587890625,-22.658653259277344,1551.9300537109375,0.9965469241142273,-0.0162812527269125,-0.08141926676034927,0.005164299160242081,0.9908420443534851,-0.13492731750011444,0.08287041634321213,0.1340409368276596,0.9875047206878662
4,1648569304.3129783,89.43988037109375,-49.391845703125,1524.583740234375,0.1284894496202469,-0.9916260242462158,0.012971107847988605,-0.9766943454742432,-0.12426551431417465,0.1750035583972931,-0.17192621529102325,-0.03515491634607315,-0.9844823479652405
410,1648569304.3129966,139.4597930908203,-150.3621826171875,1499.57421875,0.1009824350476265,0.739625871181488,-0.6653992533683777,-0.9824584126472473,-0.031256888061761856,-0.1838436871767044,-0.15677385032176971,0.6722920536994934,0.7234952449798584
300,1648569304.3599682,301.0780029296875,-22.656091690063477,1551.8885498046875,0.9964792728424072,-0.016365768387913704,-0.08222657442092896,0.005083186086267233,0.9907519221305847,-0.1355903297662735,0.08368517458438873,0.13469497859477997,0.9873470067977905
4,1648569304.3599944,89.56045532226562,-49.43417739868164,1524.59619140625,0.1288212090730667,-0.9915590286254883,0.014690270647406578,-0.9772630929946899,-0.12442032247781754,0.17168699204921722,-0.1684100180864334,-0.03647318482398987,-0.9850420355796814
410,1648569304.3600125,139.5833282470703,-150.4426727294922,1499.474853515625,0.10277596861124039,0.7387170791625977,-0.6661337614059448,-0.9820247888565063,-0.03123290278017521,-0.18615004420280457,-0.15831750631332397,0.6732916235923767,0.722228467464447
300,1648569304.4104953,301.084228515625,-22.661224365234375,1551.9200439453125,0.9965369701385498,-0.016305169090628624,-0.08153660595417023,0.00515856733545661,0.9908198714256287,-0.13509003818035126,0.08299075812101364,0.13420160114765167,0.9874727725982666
4,1648569304.410525,89.61637878417969,-49.4608268737793,1524.6507568359375,0.13356105983257294,-0.9909095764160156,0.016114523634314537,-0.9764078259468079,-0.12878775596618652,0.17332470417022705,-0.16967375576496124,-0.03888377919793129,-0.9847328662872314
410,1648569304.4105442,139.78195190429688,-150.72970581054688,1499.443603515625,0.1007465124130249,0.7387824058532715,-0.6663712859153748,-0.9818317294120789,-0.034424323588609695,-0.18660497665405273,-0.16079984605312347,0.6730642914772034,0.7218918800354004
300,1648569304.4626143,301.0684509277344,-22.67746925354004,1551.8828125,0.9964686632156372,-0.01625717617571354,-0.08237636089324951,0.004983145743608475,0.9907979369163513,-0.13525760173797607,0.08381723612546921,0.13436946272850037,0.9873801469802856
4,1648569304.4626393,89.53690338134766,-49.52825927734375,1524.769775390625,0.1305353343486786,-0.9913378357887268,0.014484110288321972,-0.9769376516342163,-0.12612180411815643,0.17229649424552917,-0.1689772754907608,-0.03664085268974304,-0.9849386215209961
410,1648569304.4626575,140.2858428955078,-151.36328125,1499.6744384765625,0.10470283031463623,0.7356975078582764,-0.6691685318946838,-0.9819696545600891,-0.030011577531695366,-0.18664124608039856,-0.15739430487155914,0.676645040512085,0.7192903161048889
300,1648569304.496226,301.0628967285156,-22.6652889251709,1551.8719482421875,0.9964520931243896,-0.016343267634510994,-0.0825599804520607,0.005092152394354343,0.9908746480941772,-0.13469049334526062,0.0840078741312027,0.1337922066450119,0.9874423146247864
4,1648569304.4962575,89.91936492919922,-49.34664535522461,1524.634765625,0.13257482647895813,-0.9910678267478943,0.014436940662562847,-0.9766213297843933,-0.12812790274620056,0.17260955274105072,-0.1692180037498474,-0.036983102560043335,-0.98488450050354
410,1648569304.4962773,140.69549560546875,-150.98959350585938,1499.760009765625,0.10415656864643097,0.7363026142120361,-0.6685879826545715,-0.9818078279495239,-0.03118784911930561,-0.18729835748672485,-0.15876008570194244,0.675933301448822,0.7196592688560486
300,1648569304.539479,301.0623474121094,-22.658723831176758,1551.891357421875,0.9965508580207825,-0.016197774559259415,-0.08138818293809891,0.0050856270827353,0.9908426403999329,-0.1349257230758667,0.08282838016748428,0.13404643535614014,0.9875074625015259
4,1648569304.5395036,90.37838745117188,-49.11344909667969,1524.568359375,0.13505075871944427,-0.9907333254814148,0.014450729824602604,-0.9755527377128601,-0.13040123879909515,0.17689651250839233,-0.17337287962436676,-0.03798745572566986,-0.9841233491897583
410,1648569304.5395215,141.26681518554688,-149.491943359375,1499.7705078125,0.10564389824867249,0.734933614730835,-0.6698595881462097,-0.982056736946106,-0.028716089203953743,-0.18638640642166138,-0.15621739625930786,0.6775307655334473,0.7187128663063049
300,1648569304.587992,301.0802307128906,-22.656322479248047,1551.9132080078125,0.9965251684188843,-0.01635495387017727,-0.08167102187871933,0.005283295176923275,0.9909698963165283,-0.13398057222366333,0.08312477171421051,0.1330835223197937,0.987612783908844
4,1648569304.5880182,91.01705169677734,-48.87263488769531,1524.5355224609375,0.14252695441246033,-0.989641010761261,0.01722625084221363,-0.9746781587600708,-0.1372998207807541,0.17649705708026886,-0.17230357229709625,-0.04194563999772072,-0.9841504096984863
410,1648569304.5880365,141.30995178222656,-148.10638427734375,1499.605712890625,0.10446317493915558,0.7382722496986389,-0.6663644313812256,-0.9821299314498901,-0.028891367837786674,-0.18597346544265747,-0.15655122697353363,0.6738837957382202,0.7220611572265625
300,1648569304.6405306,301.05859375,-22.66021156311035,1551.933349609375,0.9965574741363525,-0.016255386173725128,-0.0812956839799881,0.005146268289536238,0.9908275008201599,-0.13503462076187134,0.0827450379729271,0.1341513991355896,0.9875001907348633
4,1648569304.6405704,90.6977767944336,-49.093711853027344,1524.7423095703125,0.1368987113237381,-0.9904772639274597,0.014613932929933071,-0.9759399890899658,-0.13233265280723572,0.1732894331216812,-0.169705331325531,-0.0379854217171669,-0.9847624897956848
410,1648569304.640604,140.91078186035156,-148.14625549316406,1499.7388916015625,0.10452499240636826,0.7383167743682861,-0.6663053631782532,-0.981418788433075,-0.03182370588183403,-0.18922069668769836,-0.16090911626815796,0.6737028956413269,0.7212715744972229
300,1648569304.6891499,301.056884765625,-22.645545959472656,1551.928955078125,0.9965971112251282,-0.01630336605012417,-0.08079830557107925,0.005218239966779947,0.9907568097114563,-0.13554970920085907,0.08226139098405838,0.1346668303012848,0.9874704480171204
4,1648569304.6891758,90.67414855957031,-48.932071685791016,1524.52978515625,0.14143788814544678,-0.9897593855857849,0.019278597086668015,-0.9746710658073425,-0.13582094013690948,0.17767678201198578,-0.1732388287782669,-0.043920520693063736,-0.9839000701904297
410,1648569304.689194,140.7721710205078,-147.9503936767578,1499.708251953125,0.10400674492120743,0.7387322187423706,-0.6659258604049683,-0.9816775918006897,-0.031234996393322945,-0.18797196447849274,-0.15966114401817322,0.6732748746871948,0.7219482660293579
300,1648569304.7417555,301.0632019042969,-22.660810470581055,1551.9459228515625,0.9964805841445923,-0.016272926703095436,-0.08222942054271698,0.004965747240930796,0.9907125234603882,-0.13588228821754456,0.08367691934108734,0.1349957287311554,0.9873065948486328
4,1648569304.7417808,90.37019348144531,-49.0461540222168,1524.6046142578125,0.1377291977405548,-0.9903668165206909,0.014292866922914982,-0.9754983186721802,-0.1331336796283722,0.17515257000923157,-0.17156243324279785,-0.03806629031896591,-0.9844375252723694
410,1648569304.7418022,140.64425659179688,-147.91641235351562,1499.61572265625,0.1054648905992508,0.7410839796066284,-0.6630774736404419,-0.9820568561553955,-0.027210794389247894,-0.18661168217658997,-0.15633778274059296,0.670860767364502,0.7249167561531067
300,1648569304.790334,301.07086181640625,-22.652849197387695,1551.925048828125,0.9964887499809265,-0.016386015340685844,-0.08210784196853638,0.005179460626095533,0.9908483028411865,-0.134880930185318,0.0835665687918663,0.13398204743862152,0.9874539971351624
4,1648569304.7903595,90.646728515625,-48.77662658691406,1524.59033203125,0.13684438169002533,-0.9904388785362244,0.017448417842388153,-0.9748619198799133,-0.13152381777763367,0.17984919250011444,-0.1758347451686859,-0.04162114858627319,-0.9835394620895386
410,1648569304.7903788,140.50955200195312,-147.46908569335938,1499.5823974609375,0.1048014834523201,0.7434116005897522,-0.660572350025177,-0.9818703532218933,-0.028146466240286827,-0.18745240569114685,-0.15794707834720612,0.6682416796684265,0.7269840240478516
300,1648569304.8428102,301.0477600097656,-22.656484603881836,1551.9384765625,0.9965714812278748,-0.016251495108008385,-0.08112406730651855,0.005161356646567583,0.9908205270767212,-0.1350851207971573,0.08257472515106201,0.13420328497886658,0.9875074028968811
4,1648569304.842836,90.75794982910156,-48.70927429199219,1524.582275390625,0.13721975684165955,-0.9904180765151978,0.015579566359519958,-0.9750299453735352,-0.13228186964988708,0.17837633192539215,-0.17460624873638153,-0.03966730087995529,-0.9838389754295349
410,1648569304.8428538,140.31349182128906,-147.06431579589844,1499.212158203125,0.10460375249385834,0.7460376620292664,-0.6576365828514099,-0.9812808632850647,-0.030089471489191055,-0.1902168244123459,-0.16169685125350952,0.6652235984802246,0.7289250493049622
300,1648569304.8915608,301.0501403808594,-22.659164428710938,1551.956787109375,0.9965417385101318,-0.016342375427484512,-0.08147057890892029,0.005175350233912468,0.9907724857330322,-0.13543690741062164,0.08293216675519943,0.1345468908548355,0.9874306917190552
4,1648569304.891589,90.60101318359375,-48.82524871826172,1524.7127685546875,0.1402169167995453,-0.9899842143058777,0.016446717083454132,-0.9749988317489624,-0.13516433537006378,0.1763744205236435,-0.17238487303256989,-0.04076620563864708,-0.9841857552528381
410,1648569304.891608,140.22622680664062,-147.0493621826172,1499.3668212890625,0.10247819125652313,0.7459837198257446,-0.6580322980880737,-0.9812712669372559,-0.03265945240855217,-0.18984223902225494,-0.16311019659042358,0.6651628613471985,0.7286655306816101
300,1648569304.9439008,301.0602111816406,-22.666112899780273,1551.9234619140625,0.9964849948883057,-0.016307657584547997,-0.08216879516839981,0.004965446889400482,0.9906426668167114,-0.1363907903432846,0.08362413197755814,0.1355033814907074,0.9872415065765381
4,1648569304.9439251,90.4786148071289,-48.78200149536133,1524.624755859375,0.13879524171352386,-0.9901793599128723,0.016754701733589172,-0.9753309488296509,-0.13374225795269012,0.17562055587768555,-0.17165504395961761,-0.04071667417883873,-0.9843153357505798
410,1648569304.9439425,140.08709716796875,-147.01654052734375,1499.264892578125,0.10212144255638123,0.7443185448646545,-0.6599705219268799,-0.9817688465118408,-0.03150705248117447,-0.18744918704032898,-0.1603156328201294,0.6670811176300049,0.7275312542915344
300,1648569304.9925997,301.0474853515625,-22.6638240814209,1551.9578857421875,0.9966695308685303,-0.016110513359308243,-0.07993903756141663,0.005090736318379641,0.9906704425811768,-0.13618412613868713,0.0813872367143631,0.135323628783226,0.9874531030654907
4,1648569304.992627,90.37716674804688,-48.60572814941406,1524.6143798828125,0.13555772602558136,-0.9906041026115417,0.01809975691139698,-0.9751797914505005,-0.13017448782920837,0.17910601198673248,-0.1750670224428177,-0.04192972183227539,-0.9836632609367371
410,1648569304.992646,139.69361877441406,-146.79180908203125,1499.3074951171875,0.10012896358966827,0.7445032000541687,-0.6600675582885742,-0.981689989566803,-0.034122034907341,-0.18740439414978027,-0.16204601526260376,0.6667463779449463,0.7274547219276428
300,1648569305.0448084,301.0364685058594,-22.66118621826172,1551.947021484375,0.996602475643158,-0.016292128711938858,-0.08073455095291138,0.005210523959249258,0.9907482862472534,-0.13561204075813293,0.08219703286886215,0.13473063707351685,0.9874671101570129
4,1648569305.0448327,90.35602569580078,-48.52973175048828,1524.5830078125,0.13396678864955902,-0.9908285737037659,0.017652876675128937,-0.9751113057136536,-0.12862421572208405,0.1805926263332367,-0.17666573822498322,-0.04140693321824074,-0.9833995699882507
410,1648569305.0448644,139.3531951904297,-146.57762145996094,1499.2562255859375,0.09854733943939209,0.7449175715446472,-0.6598380208015442,-0.9817155599594116,-0.035739999264478683,-0.18696832656860352,-0.16285860538482666,0.6661984920501709,0.7277750968933105
300,1648569305.0934303,301.03973388671875,-22.66046142578125,1551.8948974609375,0.9965351819992065,-0.016298258677124977,-0.08155994117259979,0.005099195055663586,0.9907400012016296,-0.1356770247220993,0.08301599323749542,0.1347910463809967,0.9873903393745422
4,1648569305.0934563,90.04463195800781,-48.73772430419922,1524.7574462890625,0.12959899008274078,-0.9914289116859436,0.01651616208255291,-0.976635217666626,-0.1247500404715538,0.17498868703842163,-0.17142844200134277,-0.03880862146615982,-0.9844319224357605
410,1648569305.0934746,139.2328643798828,-146.3791961669922,1499.5299072265625,0.09820030629634857,0.744605541229248,-0.6602418422698975,-0.981644868850708,-0.036518920212984085,-0.1871890127658844,-0.1634933054447174,0.6665050387382507,0.7273520231246948
300,1648569305.1266448,301.0493469238281,-22.658721923828125,1551.85498046875,0.9964674115180969,-0.01645853742957115,-0.08235148340463638,0.005170010961592197,0.9907701015472412,-0.13545450568199158,0.08382076770067215,0.13455024361610413,0.9873552322387695
4,1648569305.1266696,90.03324890136719,-48.60853958129883,1524.771728515625,0.13633152842521667,-0.9904948472976685,0.0182675588876009,-0.9751914143562317,-0.13093334436416626,0.17848844826221466,-0.17440006136894226,-0.04214797168970108,-0.9837723970413208
410,1648569305.1266878,139.13294982910156,-146.22434997558594,1499.852294921875,0.0984686017036438,0.7431459426879883,-0.6618443727493286,-0.9822892546653748,-0.033953793346881866,-0.1842688024044037,-0.1594107449054718,0.6682673096656799,0.7266408801078796
300,1648569305.1652136,301.04547119140625,-22.65975570678711,1551.9058837890625,0.9965693354606628,-0.01619037240743637,-0.08116308599710464,0.0050300355069339275,0.9907145500183105,-0.13586543500423431,0.082609161734581,0.13499107956886292,0.9873971343040466
4,1648569305.1652405,89.94125366210938,-48.58494567871094,1524.968017578125,0.13427354395389557,-0.9907947778701782,0.017215346917510033,-0.9756742715835571,-0.12914642691612244,0.17714647948741913,-0.17329250276088715,-0.04058265686035156,-0.9840339422225952
410,1648569305.1652596,139.13502502441406,-145.88265991210938,1500.4134521484375,0.09969253838062286,0.7420419454574585,-0.6628990173339844,-0.9824295043945312,-0.03223460540175438,-0.1838293820619583,-0.15777739882469177,0.669577956199646,0.7257903218269348
300,1648569305.215525,301.04388427734375,-22.653608322143555,1551.9815673828125,0.9966281056404114,-0.016026172786951065,-0.08047124743461609,0.0051107993349432945,0.990960419178009,-0.13405704498291016,0.08189224451780319,0.1331937462091446,0.9877009391784668
4,1648569305.215552,89.7176284790039,-48.83336639404297,1525.319091796875,0.13151301443576813,-0.9912083745002747,0.01450261753052473,-0.976658046245575,-0.12704837322235107,0.17319850623607635,-0.16983327269554138,-0.03694195672869682,-0.9847801327705383
410,1648569305.2155719,139.31143188476562,-145.53700256347656,1501.02294921875,0.10078739374876022,0.7400510907173157,-0.6649558544158936,-0.9825813174247742,-0.030842727050185204,-0.18325577676296234,-0.1561276912689209,0.6718430519104004,0.724051833152771
300,1648569305.250051,301.05340576171875,-22.629335403442383,1551.9732666015625,0.9965033531188965,-0.016403794288635254,-0.0819266214966774,0.005135925021022558,0.9907099008560181,-0.13589520752429962,0.08339471369981766,0.13499926030635834,0.9873300194740295
4,1648569305.2500768,90.0289077758789,-48.68097686767578,1525.3167724609375,0.1406732052564621,-0.989912211894989,0.016879519447684288,-0.9756828546524048,-0.1357162594795227,0.17211654782295227,-0.16808944940567017,-0.04068124294281006,-0.9849319458007812
410,1648569305.2500944,139.5732879638672,-145.2112579345703,1501.21826171875,0.1018812358379364,0.7398834228515625,-0.6649757623672485,-0.9827029705047607,-0.02906045876443386,-0.18289439380168915,-0.15464502573013306,0.6721071600914001,0.7241249084472656
300,1648569305.2870567,301.06036376953125,-22.6429500579834,1551.982666015625,0.9965166449546814,-0.016320742666721344,-0.0817815288901329,0.005170115269720554,0.9908669590950012,-0.13474410772323608,0.08323373645544052,0.13385193049907684,0.9874997735023499
4,1648569305.2870831,90.27424621582031,-48.4942626953125,1525.1785888671875,0.13907760381698608,-0.9901296496391296,0.017340809106826782,-0.9752228856086731,-0.13389958441257477,0.17609989643096924,-0.17203979194164276,-0.041402705013751984,-0.9842195510864258
410,1648569305.287102,139.792724609375,-144.69879150390625,1501.197021484375,0.10327789932489395,0.7414270639419556,-0.6630381345748901,-0.9828989505767822,-0.02610010839998722,-0.18228675425052643,-0.15245769917964935,0.6705256700515747,0.7260523438453674
300,1648569305.3373666,301.0671081542969,-22.662614822387695,1551.952392578125,0.996492326259613,-0.016205962747335434,-0.08209966123104095,0.0048583438619971275,0.9906180500984192,-0.13657324016094208,0.08354271203279495,0.13569532334804535,0.9872220754623413
4,1648569305.3374085,89.7718276977539,-48.766151428222656,1525.4400634765625,0.1340077966451645,-0.9909218549728394,0.010760967619717121,-0.9761853218078613,-0.13012994825839996,0.17357534170150757,-0.17059926688671112,-0.033765148371458054,-0.9847617745399475
410,1648569305.3374293,139.78277587890625,-142.50143432617188,1502.0196533203125,0.10560904443264008,0.7362983226776123,-0.6683648228645325,-0.9829714298248291,-0.024344157427549362,-0.18213890492916107,-0.15037934482097626,0.6762189865112305,0.7211892604827881
300,1648569305.387815,301.0666809082031,-22.635974884033203,1551.96484375,0.9964809417724609,-0.01668955385684967,-0.08214103430509567,0.005394917447119951,0.9907150864601135,-0.1358475685119629,0.08364559710025787,0.13492637872695923,0.987318754196167
4,1648569305.3878462,89.1333999633789,-48.72541809082031,1525.697021484375,0.13389018177986145,-0.9909417629241943,0.010384049266576767,-0.9768762588500977,-0.1302127093076706,0.16958020627498627,-0.16669197380542755,-0.03284905478358269,-0.9854616522789001
410,1648569305.3878753,139.02757263183594,-135.2428741455078,1503.9814453125,0.11648401618003845,0.7331944704055786,-0.6699681282043457,-0.9829241037368774,-0.01164726261049509,-0.18364255130290985,-0.14244899153709412,0.6799192428588867,0.7193177938461304
300,1648569305.4383235,301.0397644042969,-22.62772560119629,1551.9820556640625,0.9965177178382874,-0.016645248979330063,-0.08170269429683685,0.005447471048682928,0.990774929523468,-0.1354079395532608,0.08320288360118866,0.13449133932590485,0.9874154925346375
4,1648569305.4383495,89.49044799804688,-48.77814865112305,1525.99267578125,0.13676419854164124,-0.9905270338058472,0.012320750392973423,-0.9767978191375732,-0.13277846574783325,0.16803528368473053,-0.16480755805969238,-0.03501609340310097,-0.9857040047645569
410,1648569305.438368,138.99703979492188,-130.2118377685547,1505.2552490234375,0.11769743263721466,0.7303084135055542,-0.6729018688201904,-0.9826611280441284,-0.012104799970984459,-0.1850149929523468,-0.14326335489749908,0.6830102801322937,0.716221034526825
300,1648569305.4889743,301.0545654296875,-22.681230545043945,1551.99267578125,0.9964967966079712,-0.016027364879846573,-0.08208063244819641,0.004835751838982105,0.9908648729324341,-0.13477164506912231,0.08349085599184036,0.13390257954597473,0.9874712228775024
4,1648569305.489001,89.98193359375,-48.52471160888672,1525.293212890625,0.1397022306919098,-0.9900650978088379,0.015948327258229256,-0.9753959774971008,-0.13482259213924408,0.174429252743721,-0.17054612934589386,-0.03992408886551857,-0.9845405220985413
410,1648569305.4890184,138.55552673339844,-129.6875762939453,1503.1435546875,0.11005581170320511,0.7358996272087097,-0.6680864095687866,-0.9805517196655273,-0.029506120830774307,-0.19403024017810822,-0.16249941289424896,0.6764474511146545,0.7183403372764587
300,1648569305.5395443,301.060546875,-22.676881790161133,1551.9718017578125,0.9964938759803772,-0.016070257872343063,-0.08210774511098862,0.004852361977100372,0.9908287525177002,-0.13503628969192505,0.08352478593587875,0.13416442275047302,0.9874327778816223
4,1648569305.5395718,89.60508728027344,-48.352474212646484,1524.7958984375,0.13314002752304077,-0.9909721612930298,0.01574648916721344,-0.975647509098053,-0.12825365364551544,0.17794069647789001,-0.1743147224187851,-0.03905405104160309,-0.9839152097702026
410,1648569305.53959,138.05091857910156,-129.2352752685547,1501.96826171875,0.11062643676996231,0.7411186695098877,-0.6621969938278198,-0.9804523587226868,-0.027701305225491524,-0.1947968751192093,-0.16271132230758667,0.6708022952079773,0.7235670685768127
300,1648569305.5900645,301.04486083984375,-22.666902542114258,1551.9337158203125,0.9965206384658813,-0.016256183385849,-0.08174561709165573,0.00507470965385437,0.9908091425895691,-0.135172039270401,0.08319168537855148,0.13428689539432526,0.987444281578064
4,1648569305.5900912,88.85260772705078,-48.40580749511719,1524.5008544921875,0.12950552999973297,-0.991503894329071,0.012180513702332973,-0.975741446018219,-0.12524078786373138,0.17956434190273285,-0.17651323974132538,-0.03513960912823677,-0.9836708307266235
410,1648569305.5901093,137.38047790527344,-129.4945831298828,1501.8095703125,0.11044187843799591,0.7378784418106079,-0.6658363342285156,-0.9806069731712341,-0.028232960030436516,-0.1939404010772705,-0.16190296411514282,0.6743428707122803,0.7204506397247314
300,1648569305.6407332,301.0394592285156,-22.653217315673828,1551.9139404296875,0.9965118169784546,-0.016448024660348892,-0.08181468397378922,0.005187225993722677,0.9906967878341675,-0.13598871231079102,0.08329028636217117,0.1350899636745453,0.9873263835906982
4,1648569305.6407776,89.171142578125,-48.349998474121094,1524.742919921875,0.13109414279460907,-0.9912394881248474,0.01607995107769966,-0.9759268760681152,-0.12618327140808105,0.17788921296596527,-0.17430178821086884,-0.0390130877494812,-0.9839191436767578
410,1648569305.6408117,137.31031799316406,-129.54954528808594,1502.059326171875,0.10857124626636505,0.7380794286727905,-0.665921151638031,-0.9807104468345642,-0.030004145577549934,-0.19314958155155182,-0.16254013776779175,0.6740463376045227,0.7205846309661865
300,1648569305.6912954,301.063720703125,-22.661706924438477,1551.9329833984375,0.9964980483055115,-0.01655539683997631,-0.08196042478084564,0.0052661350928246975,0.990683376789093,-0.13608351349830627,0.08344975113868713,0.13517533242702484,0.987301230430603
4,1648569305.6913395,89.41129302978516,-48.31072235107422,1524.8067626953125,0.13466759026050568,-0.9907914996147156,0.014030453749001026,-0.975540041923523,-0.13008533418178558,0.17719900608062744,-0.1737421154975891,-0.03755023330450058,-0.9840750098228455
410,1648569305.691396,137.05897521972656,-129.56838989257812,1501.7884521484375,0.10129570960998535,0.7438971400260925,-0.6605726480484009,-0.9806519150733948,-0.03714074566960335,-0.19220402836799622,-0.16751419007778168,0.6672613024711609,0.7257419228553772
300,1648569305.7418826,301.073974609375,-22.653594970703125,1551.8499755859375,0.9964362382888794,-0.016390519216656685,-0.08274136483669281,0.005081488285213709,0.9908216595649719,-0.1350799947977066,0.08419597148895264,0.13417814671993256,0.987373948097229
4,1648569305.7419093,89.23812103271484,-48.36552810668945,1524.9227294921875,0.1331738382577896,-0.990976870059967,0.01515286136418581,-0.9759116768836975,-0.12845288217067719,0.1763412356376648,-0.17280364036560059,-0.03827189281582832,-0.9842124581336975
410,1648569305.7419283,136.89427185058594,-129.590087890625,1501.850830078125,0.10035480558872223,0.7414522171020508,-0.6634587645530701,-0.9809478521347046,-0.03775171563029289,-0.19056788086891174,-0.16634368896484375,0.6699428558349609,0.7235373854637146
300,1648569305.7924855,301.0621337890625,-22.649703979492188,1551.9490966796875,0.9964869618415833,-0.0163169763982296,-0.0821431577205658,0.005136237014085054,0.990896999835968,-0.13452428579330444,0.08359043300151825,0.13362978398799896,0.9874997138977051
4,1648569305.7925124,89.06102752685547,-48.39804458618164,1524.9720458984375,0.1332099586725235,-0.9910011291503906,0.013108792714774609,-0.9756287336349487,-0.1287936419248581,0.17765352129936218,-0.17436650395393372,-0.03645453229546547,-0.9840058088302612
410,1648569305.79253,136.84848022460938,-129.6112823486328,1502.1597900390625,0.1025480106472969,0.741247832775116,-0.6633517742156982,-0.9809353947639465,-0.0353095568716526,-0.1910993754863739,-0.1650746464729309,0.6703020930290222,0.7234953045845032
300,1648569305.8429112,301.0746154785156,-22.65629005432129,1551.9642333984375,0.9965337514877319,-0.016228441148996353,-0.08159145712852478,0.00505108293145895,0.990781843662262,-0.13537287712097168,0.08303622156381607,0.13449151813983917,0.9874294996261597
4,1648569305.842938,89.5244140625,-48.33502960205078,1525.154541015625,0.13442811369895935,-0.990813136100769,0.01478049997240305,-0.975504994392395,-0.12970075011253357,0.17767314612865448,-0.1741238385438919,-0.0383027158677578,-0.9839785695075989
410,1648569305.842956,137.36239624023438,-129.7087860107422,1502.5672607421875,0.10310126841068268,0.7409917116165161,-0.6635521650314331,-0.9815918207168579,-0.03203022852540016,-0.18828587234020233,-0.16077199578285217,0.670749843120575,0.7240490317344666
300,1648569305.8933887,301.0757141113281,-22.658395767211914,1551.98388671875,0.9965487122535706,-0.016300315037369728,-0.08139389753341675,0.005198972299695015,0.9908618330955505,-0.13478074967861176,0.08284707367420197,0.13389241695404053,0.9875267744064331
4,1648569305.893415,89.60624694824219,-48.59833526611328,1525.7242431640625,0.1328531801700592,-0.9910792708396912,0.010581611655652523,-0.9769316911697388,-0.12914079427719116,0.17007972300052643,-0.16719597578048706,-0.03293314576148987,-0.9853734970092773
410,1648569305.8934333,137.97540283203125,-129.7308349609375,1503.4364013671875,0.10408186167478561,0.7394875288009644,-0.6650753021240234,-0.9814258217811584,-0.03198773413896561,-0.18915624916553497,-0.1611529439687729,0.6724098324775696,0.7224228382110596
300,1648569305.9439013,301.0760192871094,-22.653911590576172,1551.9591064453125,0.9964988827705383,-0.016353098675608635,-0.08199093490839005,0.005174246151000261,0.9908671975135803,-0.13474196195602417,0.08344557881355286,0.1338459700345993,0.9874827265739441
4,1648569305.9439275,90.02787017822266,-48.577247619628906,1525.8533935546875,0.13938792049884796,-0.9900811314582825,0.01761595718562603,-0.9763645529747009,-0.1344459354877472,0.16922351717948914,-0.1651766300201416,-0.040787313133478165,-0.9854202270507812
410,1648569305.9439468,138.24119567871094,-129.69874572753906,1503.6112060546875,0.10813181102275848,0.7404984831809998,-0.663301944732666,-0.9817197918891907,-0.025586100295186043,-0.18860431015491486,-0.15663252770900726,0.6715707778930664,0.7241953611373901
300,1648569305.9942846,301.051513671875,-22.657176971435547,1551.9735107421875,0.9965643882751465,-0.016240518540143967,-0.08121383935213089,0.005116730462759733,0.9907855987548828,-0.13534297049045563,0.08266353607177734,0.13446243107318878,0.9874647259712219
4,1648569305.9943116,90.18830871582031,-48.54924011230469,1525.9627685546875,0.14139588177204132,-0.9898320436477661,0.015484859235584736,-0.9760127067565918,-0.13677190244197845,0.16938906908035278,-0.16554883122444153,-0.03906433656811714,-0.9854276180267334
410,1648569305.9943306,138.41683959960938,-129.66583251953125,1503.778076171875,0.10957726836204529,0.7417604923248291,-0.6616526246070862,-0.9814783334732056,-0.02449181117117405,-0.19000117480754852,-0.15714044868946075,0.6702175140380859,0.7253381013870239
300,1648569306.0262845,301.0563659667969,-22.646787643432617,1551.933837890625,0.996546745300293,-0.016417017206549644,-0.08139441162347794,0.00532299792394042,0.9908742308616638,-0.1346847116947174,0.0828627422451973,0.13378635048866272,0.9875398874282837
4,1648569306.026311,90.38955688476562,-48.46357727050781,1525.8905029296875,0.14203955233097076,-0.9897005558013916,0.017820872366428375,-0.9757622480392456,-0.1369660198688507,0.17067013680934906,-0.1664714813232422,-0.04163084551692009,-0.9851670265197754
410,1648569306.0263305,138.47607421875,-129.59890747070312,1503.6864013671875,0.11013583093881607,0.743462860584259,-0.659646213054657,-0.9817707538604736,-0.02206237241625786,-0.18878406286239624,-0.15490730106830597,0.6684132218360901,0.7274802327156067
300,1648569306.0661974,301.06732177734375,-22.6549129486084,1551.946533203125,0.9965620040893555,-0.016487857326865196,-0.08119286596775055,0.005381731316447258,0.9908106923103333,-0.1351487636566162,0.08267507702112198,0.13424716889858246,0.9874930381774902
4,1648569306.0662246,90.35167694091797,-48.55101013183594,1526.0499267578125,0.14233675599098206,-0.9896672964096069,0.017286857590079308,-0.9760801196098328,-0.13744010031223297,0.16845709085464478,-0.1643405705690384,-0.04085099324584007,-0.9855573773384094
410,1648569306.0662425,138.446533203125,-129.5789031982422,1503.6842041015625,0.11062727123498917,0.7448188066482544,-0.6580323576927185,-0.9819238185882568,-0.02040325663983822,-0.1881735622882843,-0.15358120203018188,0.666954755783081,0.7290982007980347
300,1648569306.1165323,301.06951904296875,-22.64908218383789,1552.00048828125,0.9965071082115173,-0.016414761543273926,-0.081878662109375,0.005222687963396311,0.9908217787742615,-0.1350737363100052,0.08334436267614365,0.13417431712150574,0.987446665763855
4,1648569306.116559,90.5162353515625,-48.4867057800293,1525.9893798828125,0.14189252257347107,-0.9897257089614868,0.017593465745449066,-0.9762798547744751,-0.13698434829711914,0.1676691323518753,-0.1635364145040512,-0.04096714407205582,-0.9856863021850586
410,1648569306.1165776,138.46205139160156,-129.55133056640625,1503.642578125,0.1102287545800209,0.746383547782898,-0.6563239693641663,-0.9816538691520691,-0.021610300987958908,-0.18944311141967773,-0.1555805802345276,0.6651650667190552,0.7303082346916199
300,1648569306.1509762,301.0442810058594,-22.65035629272461,1551.964111328125,0.9965767860412598,-0.016274599358439445,-0.08105429261922836,0.005189017858356237,0.9908126592636108,-0.13514181971549988,0.08250900357961655,0.13425861299037933,0.9875053763389587
4,1648569306.1510034,90.44173431396484,-48.44807434082031,1525.90087890625,0.14275790750980377,-0.989612340927124,0.01695862039923668,-0.9756229519844055,-0.13781318068504333,0.17078466713428497,-0.16667349636554718,-0.04092608019709587,-0.9851624369621277
410,1648569306.1510224,138.35333251953125,-129.43910217285156,1503.4293212890625,0.11014299839735031,0.7470651268959045,-0.6555625200271606,-0.981468677520752,-0.022306889295578003,-0.19031991064548492,-0.15680493414402008,0.6643764972686768,0.7307640910148621
300,1648569306.188032,301.0500793457031,-22.64701271057129,1551.9610595703125,0.9965632557868958,-0.016385463997721672,-0.08119821548461914,0.005241907201707363,0.9907505512237549,-0.13559430837631226,0.08266895264387131,0.134702667593956,0.987431526184082
4,1648569306.1880586,90.46583557128906,-48.3116455078125,1525.701171875,0.14156392216682434,-0.9897429943084717,0.01919570192694664,-0.9754493832588196,-0.13616257905960083,0.17308464646339417,-0.1686955839395523,-0.043226975947618484,-0.9847198724746704
410,1648569306.1880772,138.0723114013672,-129.33737182617188,1503.0196533203125,0.11027703434228897,0.7497308850288391,-0.6524895429611206,-0.98155277967453,-0.02101033553481102,-0.1900334358215332,-0.15618294477462769,0.6614092588424683,0.7335834503173828
300,1648569306.240123,301.0748596191406,-22.650104522705078,1551.976318359375,0.99653559923172,-0.01647932268679142,-0.08151833713054657,0.005352007690817118,0.9908477663993835,-0.13487805426120758,0.0829949602484703,0.13397449254989624,0.9875032305717468
4,1648569306.240148,90.32986450195312,-48.29829406738281,1525.7666015625,0.14019328355789185,-0.9899603128433228,0.018012184649705887,-0.9753940105438232,-0.13495847582817078,0.17433513700962067,-0.17015396058559418,-0.042009592056274414,-0.9845216274261475
410,1648569306.2401662,137.77044677734375,-129.38958740234375,1502.9896240234375,0.10909050703048706,0.7506060600280762,-0.6516822576522827,-0.9815511107444763,-0.022221235558390617,-0.1899043470621109,-0.1570245325565338,0.660376250743866,0.7343340516090393
300,1648569306.2888477,301.06561279296875,-22.654640197753906,1551.9979248046875,0.9965558052062988,-0.01626066491007805,-0.08131488412618637,0.005228227004408836,0.9909555912017822,-0.13408830761909485,0.0827598050236702,0.13320136070251465,0.9876275658607483
4,1648569306.2888741,90.14107513427734,-48.40861129760742,1525.8077392578125,0.14030049741268158,-0.9899733662605286,0.016385987401008606,-0.9758705496788025,-0.13546736538410187,0.17124617099761963,-0.16730938851833344,-0.040016524493694305,-0.9850919842720032
410,1648569306.288893,137.60476684570312,-129.44798278808594,1503.1375732421875,0.10680021345615387,0.7518782615661621,-0.650594174861908,-0.9813841581344604,-0.025331400334835052,-0.19037699699401855,-0.15962079167366028,0.6588151454925537,0.7351760268211365
300,1648569306.3412824,301.05340576171875,-22.640981674194336,1551.99365234375,0.9966004490852356,-0.016286058351397514,-0.08076048642396927,0.0052820900455117226,0.9908807873725891,-0.1346377283334732,0.08221673220396042,0.1337534338235855,0.9875982999801636
4,1648569306.3413248,90.15497589111328,-48.37757110595703,1525.8731689453125,0.14098086953163147,-0.9898257255554199,0.01922111213207245,-0.976000964641571,-0.13570457696914673,0.17031262814998627,-0.16597142815589905,-0.04277064651250839,-0.9852026104927063
410,1648569306.3413558,137.38177490234375,-129.45071411132812,1503.1102294921875,0.10637830942869186,0.7518746852874756,-0.6506674289703369,-0.982061505317688,-0.023013407364487648,-0.18715128302574158,-0.15568839013576508,0.6589042544364929,0.735939085483551
300,1648569306.3898792,301.0506286621094,-22.654199600219727,1552.007080078125,0.9965713024139404,-0.01620873436331749,-0.0811353325843811,0.005175906233489513,0.9909157752990723,-0.13438449800014496,0.08257647603750229,0.1335037797689438,0.9876020550727844
4,1648569306.389906,89.98457336425781,-48.405548095703125,1525.868408203125,0.13928981125354767,-0.9901050329208374,0.017041366547346115,-0.9758781790733337,-0.13432623445987701,0.17209964990615845,-0.16810762882232666,-0.040602024644613266,-0.9849321246147156
410,1648569306.3899248,137.2532501220703,-129.5064697265625,1503.2457275390625,0.1054302528500557,0.751589298248291,-0.6511512994766235,-0.9821678996086121,-0.023796847090125084,-0.18649376928806305,-0.15566207468509674,0.659201979637146,0.73567795753479
300,1648569306.4420836,301.0729064941406,-22.643985748291016,1551.9932861328125,0.9965117573738098,-0.016499290242791176,-0.08180487900972366,0.005326414946466684,0.9908369183540344,-0.13495858013629913,0.08328201621770859,0.1340520977973938,0.9874685406684875
4,1648569306.4421077,90.07056427001953,-48.190250396728516,1525.5789794921875,0.13855215907096863,-0.990159273147583,0.019695904105901718,-0.975383996963501,-0.13298571109771729,0.17590023577213287,-0.1715499758720398,-0.043582428246736526,-0.9842109680175781
410,1648569306.4421256,136.88194274902344,-129.3799591064453,1502.6556396484375,0.10499335825443268,0.7556917667388916,-0.646456778049469,-0.9821106195449829,-0.02338695526123047,-0.18684686720371246,-0.15631729364395142,0.6545097827911377,0.739717423915863
300,1648569306.475407,301.06927490234375,-22.64263153076172,1551.97119140625,0.9964910745620728,-0.01646798849105835,-0.0820632353425026,0.005222540348768234,0.9907764196395874,-0.13540631532669067,0.08353618532419205,0.1345025897026062,0.9873858094215393
4,1648569306.4754336,90.0420913696289,-48.21707534790039,1525.5023193359375,0.1394096314907074,-0.9900387525558472,0.0197024866938591,-0.9758152961730957,-0.1339692771434784,0.17273330688476562,-0.16837313771247864,-0.04330667480826378,-0.9847715497016907
410,1648569306.4754527,136.6087646484375,-129.265625,1502.2879638671875,0.1038123220205307,0.758359432220459,-0.6435168981552124,-0.9815974831581116,-0.026145916432142258,-0.18916350603103638,-0.1602792590856552,0.6513120532035828,0.7416893839836121
300,1648569306.5160985,301.0589294433594,-22.645902633666992,1551.986328125,0.9964996576309204,-0.01628745160996914,-0.08199498802423477,0.005008858162909746,0.9907071590423584,-0.13592012226581573,0.08344681560993195,0.13503365218639374,0.9873208999633789
4,1648569306.5161395,89.77101135253906,-48.252418518066406,1525.640869140625,0.136184424161911,-0.9905184507369995,0.018081841990351677,-0.9761507511138916,-0.1310495287179947,0.17307718098163605,-0.16906651854515076,-0.0412210188806057,-0.984742283821106
410,1648569306.5161605,136.16090393066406,-128.98854064941406,1502.30712890625,0.10261733829975128,0.758659303188324,-0.6433550119400024,-0.9814310669898987,-0.028151169419288635,-0.18973813951015472,-0.1620578020811081,0.6508790254592896,0.7416830658912659
300,1648569306.5663404,301.057861328125,-22.642492294311523,1552.012939453125,0.9965531229972839,-0.01629769057035446,-0.08134067058563232,0.00512412516400218,0.9907329082489014,-0.1357278823852539,0.08279892802238464,0.13484323024749756,0.9874014854431152
4,1648569306.566367,89.59698486328125,-48.2581901550293,1525.6898193359375,0.13690949976444244,-0.9904245734214783,0.017745818942785263,-0.9756088852882385,-0.13171502947807312,0.1756087988615036,-0.17158988118171692,-0.04135549068450928,-0.9843000769615173
410,1648569306.5663848,136.127685546875,-128.93641662597656,1502.83935546875,0.10092471539974213,0.7566525936126709,-0.6459806561470032,-0.9823458790779114,-0.027009472250938416,-0.18511353433132172,-0.15751424431800842,0.6532589793205261,0.7405686974525452
300,1648569306.5976207,301.0657043457031,-22.64733123779297,1552.03076171875,0.9964678287506104,-0.01635248214006424,-0.08236785978078842,0.005049166269600391,0.9907494783401489,-0.1356097012758255,0.08382347226142883,0.13471481204032898,0.9873325228691101
4,1648569306.5976465,89.50119018554688,-48.35929870605469,1525.8189697265625,0.13458269834518433,-0.9907457232475281,0.017618995159864426,-0.9761160016059875,-0.12949326634407043,0.17443910241127014,-0.17054323852062225,-0.04067466780543327,-0.9845103025436401
410,1648569306.5976658,135.99221801757812,-128.85777282714844,1503.0557861328125,0.10189493745565414,0.7565690875053406,-0.6459262371063232,-0.982429027557373,-0.025530502200126648,-0.1848820000886917,-0.15636682510375977,0.6534152030944824,0.7406740188598633
300,1648569306.6378446,301.07330322265625,-22.637821197509766,1552.073974609375,0.9966741800308228,-0.016110768541693687,-0.07988163828849792,0.0051877922378480434,0.9908179044723511,-0.13510362803936005,0.08132478594779968,0.13423988223075867,0.9876061677932739
4,1648569306.6378706,89.42237854003906,-48.383087158203125,1525.938232421875,0.13456135988235474,-0.9907236695289612,0.018970737233757973,-0.9762359857559204,-0.1292629987001419,0.17393779754638672,-0.16987207531929016,-0.04192522168159485,-0.9845739006996155
410,1648569306.6378906,135.72084045410156,-128.701171875,1503.1634521484375,0.10237603634595871,0.7570556998252869,-0.645279586315155,-0.98215252161026,-0.025965286418795586,-0.18628521263599396,-0.1577831506729126,0.6528341770172119,0.7408859729766846
300,1648569306.6882143,301.0618896484375,-22.636571884155273,1552.0653076171875,0.9966503977775574,-0.016224315389990807,-0.08015467971563339,0.005264367908239365,0.990818440914154,-0.1350964903831482,0.08161059021949768,0.13422201573848724,0.9875850081443787
4,1648569306.6882403,89.26472473144531,-48.444358825683594,1526.0394287109375,0.1315610408782959,-0.9911881685256958,0.015419527888298035,-0.976803719997406,-0.12696930766105652,0.17243358492851257,-0.16895630955696106,-0.03774739429354668,-0.9849004745483398
410,1648569306.688259,135.52806091308594,-128.5137481689453,1503.14990234375,0.10013887286186218,0.7599790096282959,-0.6421869993209839,-0.9823327660560608,-0.02703976444900036,-0.1851786971092224,-0.15809650719165802,0.6493849158287048,0.7438445687294006
300,1648569306.7387352,301.0644226074219,-22.639204025268555,1552.118408203125,0.9966287016868591,-0.01615738309919834,-0.08043735474348068,0.005259270314127207,0.9909816384315491,-0.13389462232589722,0.08187532424926758,0.13302017748355865,0.9877256751060486
4,1648569306.7387617,89.4250259399414,-48.47941970825195,1526.077392578125,0.1365816444158554,-0.9904175996780396,0.020455485209822655,-0.9763439893722534,-0.13108941912651062,0.1719534993171692,-0.16762426495552063,-0.04345728084445,-0.9848926663398743
410,1648569306.7387807,135.41043090820312,-128.45675659179688,1503.0113525390625,0.09785037487745285,0.7597565054893494,-0.6428027749061584,-0.9826509952545166,-0.028494341298937798,-0.18326233327388763,-0.15755099058151245,0.6495830416679382,0.7437872886657715
300,1648569306.7893405,301.0656433105469,-22.64550018310547,1552.088134765625,0.9966950416564941,-0.016001688316464424,-0.07964225858449936,0.0051097865216434,0.9908151030540466,-0.1351269632577896,0.08107301592826843,0.13427342474460602,0.9876223206520081
4,1648569306.789367,89.50188446044922,-48.455474853515625,1526.0933837890625,0.13765738904476166,-0.9902267456054688,0.022391613572835922,-0.97637939453125,-0.13186201453208923,0.17115972936153412,-0.16653434932231903,-0.04542411491274834,-0.984988808631897
410,1648569306.7893853,135.28216552734375,-128.4853973388672,1503.115234375,0.09768947213888168,0.7597959637641907,-0.642780601978302,-0.9823480248451233,-0.029912875965237617,-0.18465515971183777,-0.15952765941619873,0.6494731307029724,0.7434619069099426
300,1648569306.8399508,301.07391357421875,-22.63912010192871,1552.0933837890625,0.996673047542572,-0.01626066118478775,-0.07986539602279663,0.005324117839336395,0.9907925128936768,-0.13528433442115784,0.08132985234260559,0.13440902531147003,0.9875827431678772
4,1648569306.8399775,89.49173736572266,-48.343746185302734,1526.1190185546875,0.1351092904806137,-0.9905425906181335,0.023893466219305992,-0.9762324094772339,-0.12895575165748596,0.17418575286865234,-0.16945719718933105,-0.04685968905687332,-0.9844228625297546
410,1648569306.8399963,135.2908172607422,-128.6337890625,1503.3790283203125,0.09870252013206482,0.7583538293838501,-0.6443269848823547,-0.9831234812736511,-0.02591150999069214,-0.1810988187789917,-0.15403246879577637,0.651327908039093,0.742997944355011
300,1648569306.890445,301.06097412109375,-22.64177131652832,1552.0794677734375,0.99669349193573,-0.016317928209900856,-0.07959779351949692,0.005537236575037241,0.9909898638725281,-0.1338224709033966,0.08106430619955063,0.13293923437595367,0.9878035187721252
4,1648569306.8904974,89.31456756591797,-48.46257400512695,1526.22705078125,0.13148300349712372,-0.9910820126533508,0.02164820209145546,-0.9774454236030579,-0.12597140669822693,0.1695041060447693,-0.16526542603969574,-0.043446846306324005,-0.9852916598320007
410,1648569306.8905184,135.55921936035156,-128.7815399169922,1503.9586181640625,0.09931724518537521,0.7562083601951599,-0.6467495560646057,-0.9834513068199158,-0.024376988410949707,-0.17952506244182587,-0.151524156332016,0.6538766622543335,0.741273045539856
300,1648569306.9411032,301.05462646484375,-22.63299560546875,1552.021484375,0.9966294765472412,-0.01623476669192314,-0.08041249215602875,0.005224789027124643,0.990793764591217,-0.13527905941009521,0.08186842501163483,0.13440294563770294,0.9875390529632568
4,1648569306.9411473,89.19058990478516,-48.627201080322266,1526.4742431640625,0.13294853270053864,-0.9909154772758484,0.020279183983802795,-0.9773656129837036,-0.12767842411994934,0.16868500411510468,-0.1645633727312088,-0.04224660247564316,-0.9854613542556763
410,1648569306.9411793,135.6617889404297,-129.03909301757812,1504.5758056640625,0.1024170070886612,0.7550168037414551,-0.647657573223114,-0.9839235544204712,-0.01887011155486107,-0.17759038507938385,-0.14630509912967682,0.6554338335990906,0.7409462332725525
300,1648569306.9916515,301.0556945800781,-22.631467819213867,1551.9703369140625,0.9965953230857849,-0.01630597934126854,-0.08081988245248795,0.00536781270056963,0.9910005331039429,-0.13375046849250793,0.08227347582578659,0.13286127150058746,0.9877139925956726
4,1648569306.991679,89.37861633300781,-48.58243942260742,1526.4544677734375,0.13429874181747437,-0.9907106161117554,0.02136245183646679,-0.9772930145263672,-0.1288527548313141,0.16821226477622986,-0.1638970673084259,-0.04346806928515434,-0.985519289970398
410,1648569306.9916968,136.0028076171875,-129.37286376953125,1505.1778564453125,0.10046195983886719,0.7509037852287292,-0.6527257561683655,-0.9850150346755981,-0.017373042181134224,-0.17159125208854675,-0.14018835127353668,0.6601830720901489,0.7379062175750732
300,1648569307.0421772,301.06646728515625,-22.638967514038086,1551.9825439453125,0.9964983463287354,-0.016467979177832603,-0.08197499811649323,0.005339434370398521,0.9909447431564331,-0.13416431844234467,0.08344210684299469,0.13325682282447815,0.9875626564025879
4,1648569307.0422041,89.49361419677734,-48.497711181640625,1526.45068359375,0.13630688190460205,-0.9904394745826721,0.02121499553322792,-0.9771661162376404,-0.13089512288570404,0.1673704981803894,-0.1629934161901474,-0.04354432597756386,-0.9856657981872559
410,1648569307.042224,135.8479766845703,-129.48727416992188,1505.063232421875,0.09938798099756241,0.7536666393280029,-0.6496988534927368,-0.9855108261108398,-0.01563054323196411,-0.1688907891511917,-0.13744251430034637,0.6570709347724915,0.7411931753158569
300,1648569307.0925937,301.0472717285156,-22.632957458496094,1551.97021484375,0.9965591430664062,-0.016322065144777298,-0.08126185834407806,0.005160992499440908,0.9907358884811401,-0.13570477068424225,0.08272402733564377,0.134818434715271,0.9874111413955688
4,1648569307.0926197,89.16976165771484,-48.61171340942383,1526.5205078125,0.13240961730480194,-0.9909956455230713,0.019883697852492332,-0.9782118201255798,-0.12741272151470184,0.16391336917877197,-0.15990398824214935,-0.041154175996780396,-0.9862743020057678
410,1648569307.0926385,135.4228515625,-129.49427795410156,1505.0181884765625,0.100077785551548,0.7577924728393555,-0.6447751522064209,-0.9851580858230591,-0.015359105542302132,-0.17096108198165894,-0.13945618271827698,0.6523148417472839,0.7450082898139954
300,1648569307.143093,301.05059814453125,-22.630544662475586,1551.986328125,0.9966245293617249,-0.0162060409784317,-0.0804789736866951,0.005283349193632603,0.9909509420394897,-0.13412043452262878,0.08192427456378937,0.13324253261089325,0.9876917004585266
4,1648569307.1431193,89.07962799072266,-48.543113708496094,1526.389892578125,0.1345611810684204,-0.9907081723213196,0.019764922559261322,-0.9773222208023071,-0.12939895689487457,0.16762208938598633,-0.16350701451301575,-0.04187212511897087,-0.9856531620025635
410,1648569307.1431391,135.33880615234375,-129.69088745117188,1505.076904296875,0.09824118763208389,0.7542871832847595,-0.6491528749465942,-0.9858800172805786,-0.015119936317205429,-0.166769340634346,-0.13560712337493896,0.6563704609870911,0.7421512603759766
300,1648569307.193603,301.05584716796875,-22.634836196899414,1552.01123046875,0.9965727925300598,-0.0161833968013525,-0.08112186193466187,0.005184302572160959,0.9909672141075134,-0.13400430977344513,0.08255775272846222,0.13312450051307678,0.9876548647880554
4,1648569307.1936295,89.06758117675781,-48.45607376098633,1526.2406005859375,0.1304352879524231,-0.9913312792778015,0.01577882282435894,-0.9772402048110962,-0.12586325407028198,0.17076297104358673,-0.16729670763015747,-0.037693221122026443,-0.9851858019828796
410,1648569307.1936474,135.27532958984375,-129.714111328125,1504.9742431640625,0.09785236418247223,0.7558663487434387,-0.6473724246025085,-0.9858170747756958,-0.01549938041716814,-0.1671062707901001,-0.13634386658668518,0.6545425057411194,0.7436292767524719
300,1648569307.2440994,301.04815673828125,-22.641220092773438,1551.99951171875,0.9966057538986206,-0.016237085685133934,-0.08070512861013412,0.0053390515968203545,0.9910402297973633,-0.13345713913440704,0.082148976624012,0.13257327675819397,0.9877630472183228
4,1648569307.2441256,89.03343200683594,-48.4176025390625,1526.248046875,0.13169103860855103,-0.9911331534385681,0.017677610740065575,-0.977017343044281,-0.126758873462677,0.17137481272220612,-0.16761447489261627,-0.039839860051870346,-0.9850472807884216
410,1648569307.2441454,135.1627197265625,-129.70458984375,1504.9498291015625,0.09786003828048706,0.7565951943397522,-0.6465192437171936,-0.9859268665313721,-0.014773571863770485,-0.16652318835258484,-0.13554203510284424,0.6537166833877563,0.7445017695426941
300,1648569307.2944849,301.04461669921875,-22.636455535888672,1551.993408203125,0.9965531826019287,-0.016391942277550697,-0.08132050186395645,0.005287122447043657,0.990840494632721,-0.13493400812149048,0.08278746902942657,0.13403895497322083,0.987511932849884
4,1648569307.2945156,88.73861694335938,-48.57838821411133,1526.4542236328125,0.13079743087291718,-0.9913208484649658,0.013227690011262894,-0.9779860377311707,-0.1268269121646881,0.16570523381233215,-0.162589430809021,-0.034610316157341,-0.9860866069793701
410,1648569307.2945352,135.34524536132812,-129.75038146972656,1505.354248046875,0.09628622233867645,0.7524062991142273,-0.6516239047050476,-0.9860478639602661,-0.017207106575369835,-0.16557028889656067,-0.1357886791229248,0.6584745049476624,0.7402518391609192
300,1648569307.325713,301.04742431640625,-22.627962112426758,1551.99755859375,0.9965986013412476,-0.016276247799396515,-0.08078530430793762,0.005271454807370901,0.9908849000930786,-0.1346081793308258,0.08223985135555267,0.13372448086738586,0.9876003265380859
4,1648569307.3257387,89.00921630859375,-48.432525634765625,1526.2801513671875,0.1313387155532837,-0.9911827445030212,0.017517786473035812,-0.9774104356765747,-0.12652170658111572,0.1692960560321808,-0.1655869483947754,-0.03935719281435013,-0.9854095578193665
410,1648569307.3257582,135.42117309570312,-129.91290283203125,1505.4559326171875,0.09683488309383392,0.7529029846191406,-0.650968611240387,-0.9865286946296692,-0.014036008156836033,-0.16298504173755646,-0.13184891641139984,0.6579818725585938,0.741401195526123
300,1648569307.3658504,301.05963134765625,-22.632919311523438,1551.9832763671875,0.9965454936027527,-0.016179952770471573,-0.08145701885223389,0.005069619510322809,0.9908605813980103,-0.13479465246200562,0.08289352059364319,0.13391605019569397,0.9875196814537048
4,1648569307.365877,89.03005981445312,-48.450035095214844,1526.342529296875,0.13386540114879608,-0.9908823370933533,0.015238155610859394,-0.9773003458976746,-0.1294514238834381,0.16770917177200317,-0.16420745849609375,-0.03734271228313446,-0.9857187271118164
410,1648569307.3658946,135.58584594726562,-130.0865020751953,1505.7581787109375,0.09436999261379242,0.7504425048828125,-0.6541638374328613,-0.9869242310523987,-0.015726836398243904,-0.1604156494140625,-0.13067065179347992,0.6607486009597778,0.7391457557678223
300,1648569307.41643,301.0668029785156,-22.631845474243164,1551.9844970703125,0.9965488314628601,-0.016288740560412407,-0.08139468729496002,0.00522577902302146,0.9909238815307617,-0.13432273268699646,0.08284389227628708,0.13343381881713867,0.9875891208648682
4,1648569307.416456,89.0050277709961,-48.53580856323242,1526.5609130859375,0.13223674893379211,-0.9911192655563354,0.014001069590449333,-0.9775980710983276,-0.12807315587997437,0.16703084111213684,-0.16375431418418884,-0.03577503189444542,-0.9858522415161133
410,1648569307.4164746,135.4342041015625,-130.11865234375,1505.820556640625,0.09618031233549118,0.754751443862915,-0.6489218473434448,-0.9868960976600647,-0.012548455037176609,-0.16086828708648682,-0.1295585334300995,0.6558908224105835,0.7436543703079224
300,1648569307.4504986,301.0621643066406,-22.62752342224121,1551.981201171875,0.9965795874595642,-0.016339844092726707,-0.08100727200508118,0.005328267812728882,0.9909226894378662,-0.13432720303535461,0.08246683329343796,0.13343611359596252,0.9876204133033752
4,1648569307.4505258,89.00713348388672,-48.56290054321289,1526.528076171875,0.13187511265277863,-0.9911670684814453,0.014028901234269142,-0.978425145149231,-0.12788309156894684,0.16226564347743988,-0.15903829038143158,-0.03512502834200859,-0.986647367477417
410,1648569307.4505436,135.43536376953125,-130.14906311035156,1505.94287109375,0.09457889199256897,0.753660261631012,-0.6504237651824951,-0.9869017601013184,-0.014789184555411339,-0.16064311563968658,-0.1306895613670349,0.6570977568626404,0.7423898577690125
300,1648569307.4877052,301.0566711425781,-22.63665771484375,1551.9888916015625,0.9965735077857971,-0.01634695939719677,-0.0810801088809967,0.005403376650065184,0.9910480976104736,-0.1333959698677063,0.08253490924835205,0.1325007826089859,0.9877406358718872
4,1648569307.4877317,89.12161254882812,-48.47217559814453,1526.48095703125,0.13325856626033783,-0.9909619092941284,0.015385260805487633,-0.9778214693069458,-0.12892897427082062,0.16505305469036102,-0.16157768666744232,-0.03703877329826355,-0.9861646890640259
410,1648569307.4877508,135.47628784179688,-130.2295684814453,1505.9439697265625,0.09252672642469406,0.7524310350418091,-0.6521397829055786,-0.9872465133666992,-0.01588835008442402,-0.15840403735637665,-0.1295495480298996,0.6584793329238892,0.7413648366928101
300,1648569307.5380378,301.0656433105469,-22.628833770751953,1551.9814453125,0.9965735077857971,-0.016227655112743378,-0.08110398799180984,0.005230133421719074,0.9909660220146179,-0.1340111941099167,0.08254598081111908,0.133127823472023,0.9876554012298584
4,1648569307.5380635,88.93975067138672,-48.480979919433594,1526.4842529296875,0.1325453370809555,-0.9910937547683716,0.01284275483340025,-0.9776250123977661,-0.12858684360980988,0.16647745668888092,-0.16334335505962372,-0.034621208906173706,-0.9859616160392761
410,1648569307.5380838,135.28753662109375,-130.2678680419922,1505.857666015625,0.09212534874677658,0.7522259950637817,-0.6524331569671631,-0.9874049425125122,-0.01562548615038395,-0.15743976831436157,-0.12862487137317657,0.6587198972702026,0.7413121461868286
300,1648569307.5723825,301.0704345703125,-22.62281036376953,1551.968505859375,0.9965107440948486,-0.016549592837691307,-0.08180724084377289,0.00536402128636837,0.9908171892166138,-0.13510192930698395,0.0832919031381607,0.13419170677661896,0.9874487519264221
4,1648569307.5724075,88.73413848876953,-48.51850509643555,1526.4564208984375,0.12985822558403015,-0.991459310054779,0.012051017954945564,-0.9783515334129333,-0.1261473000049591,0.16405822336673737,-0.16113685071468353,-0.033094439655542374,-0.9863770604133606
410,1648569307.5724258,135.06845092773438,-130.2523193359375,1505.8245849609375,0.0906832292675972,0.7527827024459839,-0.651992917060852,-0.9873306155204773,-0.017641447484493256,-0.15769267082214355,-0.13021041452884674,0.6580327153205872,0.7416456341743469
300,1648569307.6389518,301.0640869140625,-22.623310089111328,1551.987548828125,0.9965046048164368,-0.016529656946659088,-0.08188623189926147,0.005391052924096584,0.9909096956253052,-0.1344205141067505,0.08336378633975983,0.13350920379161835,0.9875351786613464
4,1648569307.6389775,88.65857696533203,-48.47492980957031,1526.3919677734375,0.13051187992095947,-0.9913048148155212,0.01677602529525757,-0.9779003858566284,-0.12592269480228424,0.16689597070217133,-0.16333229839801788,-0.038187187165021896,-0.9858317971229553
410,1648569307.638996,134.68739318847656,-130.3658905029297,1505.733154296875,0.09009700268507004,0.7521776556968689,-0.6527720093727112,-0.9877443909645081,-0.01639057882130146,-0.15521718561649323,-0.12745021283626556,0.6587564945220947,0.7414824962615967
300,1648569307.6730921,301.0490417480469,-22.62790298461914,1551.9873046875,0.9965699315071106,-0.016205212101340294,-0.08115240931510925,0.005140834953635931,0.9908683896064758,-0.13473452627658844,0.08259475976228714,0.1338551938533783,0.9875530004501343
4,1648569307.6731179,88.41718292236328,-48.5988655090332,1526.5009765625,0.1275281012058258,-0.9917495250701904,0.013017977587878704,-0.9786815047264099,-0.12369555979967117,0.16395699977874756,-0.1609940081834793,-0.03364957869052887,-0.9863815903663635
410,1648569307.6731362,134.33200073242188,-130.43617248535156,1505.88623046875,0.09165628999471664,0.7549306750297546,-0.6493679881095886,-0.9874771237373352,-0.015182550065219402,-0.15703000128269196,-0.12840582430362701,0.6556288599967957,0.7440851926803589
300,1648569307.7397366,301.057861328125,-22.62770652770996,1551.9576416015625,0.9965002536773682,-0.01633930578827858,-0.08197733014822006,0.005164207424968481,0.9908702373504639,-0.13472014665603638,0.08343013375997543,0.13382530212402344,0.9874868392944336
4,1648569307.7397637,88.34867858886719,-48.6380500793457,1526.6328125,0.12889917194843292,-0.9915771484375,0.012639026157557964,-0.978526771068573,-0.1251147985458374,0.16380350291728973,-0.16084247827529907,-0.03348176181316376,-0.986411988735199
410,1648569307.7397826,134.35594177246094,-130.4096221923828,1505.98388671875,0.09139160811901093,0.7546148300170898,-0.6497722864151001,-0.987496554851532,-0.015486160293221474,-0.1568780243396759,-0.12844495475292206,0.6559852361679077,0.7437642812728882
300,1648569307.7737966,301.06207275390625,-22.627161026000977,1551.955322265625,0.9965482354164124,-0.016345076262950897,-0.08139081299304962,0.005280403885990381,0.9909204840660095,-0.13434553146362305,0.0828477144241333,0.13345202803611755,0.9875863790512085
4,1648569307.7738223,88.23246002197266,-48.62919235229492,1526.6998291015625,0.12575089931488037,-0.9919620156288147,0.01407527457922697,-0.9791571497917175,-0.12182167172431946,0.16251397132873535,-0.15949301421642303,-0.034218184649944305,-0.9866058230400085
410,1648569307.7738407,134.470703125,-130.34686279296875,1506.1768798828125,0.09111879020929337,0.7529940009117126,-0.6516881585121155,-0.9875140190124512,-0.01612360030412674,-0.1567038744688034,-0.12850463390350342,0.6578298211097717,0.7421229481697083
300,1648569307.840579,301.05474853515625,-22.61680030822754,1551.977783203125,0.9965416193008423,-0.016458801925182343,-0.0814487636089325,0.005367384757846594,0.990890383720398,-0.13456371426582336,0.08292154967784882,0.1336611658334732,0.9875518679618835
4,1648569307.8406053,88.42456817626953,-48.52852249145508,1526.5660400390625,0.12892656028270721,-0.9915347099304199,0.015388695523142815,-0.9782471656799316,-0.12462504953145981,0.16583435237407684,-0.16251268982887268,-0.03643440082669258,-0.98603355884552
410,1648569307.8406246,134.88851928710938,-130.29095458984375,1506.3690185546875,0.09691565483808517,0.750743567943573,-0.653445839881897,-0.987558126449585,-0.009155082516372204,-0.15698769688606262,-0.1238398551940918,0.6605303287506104,0.7405155897140503
300,1648569307.8910868,301.05816650390625,-22.62466812133789,1551.983154296875,0.9965224266052246,-0.01645110547542572,-0.08168455958366394,0.0053308033384382725,0.99089515209198,-0.13453038036823273,0.08315400779247284,0.13362710177898407,0.9875369668006897
4,1648569307.8911133,88.58187103271484,-48.581966400146484,1526.7232666015625,0.12892743945121765,-0.9915481805801392,0.014489474706351757,-0.9790180325508118,-0.12494589388370514,0.1609726995229721,-0.1578017920255661,-0.03493925556540489,-0.9868524670600891
410,1648569307.8911319,135.32847595214844,-130.13168334960938,1506.524658203125,0.09741384536027908,0.7510613799095154,-0.6530064344406128,-0.9871306419372559,-0.010694541037082672,-0.15955807268619537,-0.12682150304317474,0.6601458191871643,0.7403538823127747
300,1648569307.941582,301.0656433105469,-22.61144256591797,1551.9921875,0.9965310096740723,-0.016514260321855545,-0.08156739920377731,0.005326509941369295,0.9907609224319458,-0.13551557064056396,0.08305172622203827,0.13461099565029144,0.9874119162559509
4,1648569307.941609,89.07209014892578,-48.457862854003906,1526.6494140625,0.13426503539085388,-0.9907737970352173,0.018445255234837532,-0.9780503511428833,-0.1295018196105957,0.1632383018732071,-0.15934354066848755,-0.03995758667588234,-0.9864142537117004
410,1648569307.9416282,135.42965698242188,-130.11898803710938,1506.2808837890625,0.09509307146072388,0.7512514591217041,-0.6531297564506531,-0.9874769449234009,-0.011780597269535065,-0.15732309222221375,-0.12588347494602203,0.6599109172821045,0.7407232522964478
300,1648569307.9757855,301.0635986328125,-22.61841583251953,1552.011962890625,0.9965561032295227,-0.016339527443051338,-0.0812954381108284,0.005190271884202957,0.9907626509666443,-0.13550817966461182,0.08275862038135529,0.1346195489168167,0.9874353408813477
4,1648569307.9758105,88.86957550048828,-48.56267547607422,1526.8668212890625,0.1319625973701477,-0.991154670715332,0.014081654138863087,-0.97831130027771,-0.1279381513595581,0.1629074364900589,-0.15966488420963287,-0.03527392819523811,-0.9865408539772034
410,1648569307.9758284,135.37289428710938,-130.11947631835938,1506.4525146484375,0.09350593388080597,0.7515981197357178,-0.6529600620269775,-0.9873895049095154,-0.014142916537821293,-0.15767666697502136,-0.12774424254894257,0.6594696640968323,0.7407976984977722
300,1648569308.0424101,301.0585632324219,-22.614181518554688,1552.0155029296875,0.9965071082115173,-0.016459234058856964,-0.08187009394168854,0.005234977696090937,0.9907681941986084,-0.13546575605869293,0.08334394544363022,0.13456399738788605,0.9873936772346497
4,1648569308.0424366,88.9803695678711,-48.378814697265625,1526.62158203125,0.13328662514686584,-0.9908925294876099,0.019147194921970367,-0.9778002500534058,-0.1283246874809265,0.16564856469631195,-0.1616828739643097,-0.04080086946487427,-0.9859989285469055
410,1648569308.042455,135.04666137695312,-130.12350463867188,1506.1334228515625,0.09411594271659851,0.7538243532180786,-0.6503007411956787,-0.9876026511192322,-0.011734540574252605,-0.15653517842292786,-0.12563101947307587,0.6569711565971375,0.7433745265007019
300,1648569308.0929203,301.05438232421875,-22.615236282348633,1551.98583984375,0.9965401887893677,-0.016291357576847076,-0.08149987459182739,0.005127254407852888,0.9907834529876709,-0.13535839319229126,0.08295390009880066,0.13447220623493195,0.9874390363693237
4,1648569308.0929472,88.7896499633789,-48.45877456665039,1526.707275390625,0.12994389235973358,-0.9913808107376099,0.0166937243193388,-0.9786714911460876,-0.1255398839712143,0.16260944306850433,-0.15911215543746948,-0.037467777729034424,-0.9865492582321167
410,1648569308.0929658,135.11595153808594,-130.07167053222656,1506.329345703125,0.09440945088863373,0.7527111768722534,-0.6515464186668396,-0.9872358441352844,-0.013536014594137669,-0.1586887687444687,-0.12826615571975708,0.6582117080688477,0.741825520992279
300,1648569308.1434588,301.0518798828125,-22.601219177246094,1552.001708984375,0.9966133236885071,-0.01632949709892273,-0.0805930644273758,0.005321080796420574,0.9908367991447449,-0.13495959341526031,0.0820583924651146,0.1340736746788025,0.9875680804252625
4,1648569308.1434846,89.10714721679688,-48.390625,1526.6182861328125,0.13404400646686554,-0.9907869696617126,0.019322063773870468,-0.9781525731086731,-0.1291578859090805,0.1628982275724411,-0.15890184044837952,-0.040735457092523575,-0.986453652381897
410,1648569308.1435032,135.38784790039062,-130.19927978515625,1506.4537353515625,0.0936342179775238,0.7508872747421265,-0.6537590622901917,-0.9879151582717896,-0.011390822008252144,-0.1545766443014145,-0.1235164925456047,0.6603321433067322,0.7407463788986206
300,1648569308.1939337,301.045166015625,-22.603349685668945,1551.9912109375,0.9965957999229431,-0.01633109524846077,-0.08080898225307465,0.005259200930595398,0.9907809495925903,-0.135371595621109,0.08227476477622986,0.13448576629161835,0.9874939918518066
4,1648569308.1939607,89.1110610961914,-48.4569091796875,1526.7762451171875,0.13252562284469604,-0.9910256266593933,0.017467623576521873,-0.978360116481781,-0.12796609103679657,0.1625920832157135,-0.15889766812324524,-0.03863724321126938,-0.9865387678146362
410,1648569308.1939785,135.36729431152344,-130.19044494628906,1506.595458984375,0.09479839354753494,0.75315922498703,-0.6509719491004944,-0.9877918362617493,-0.010033165104687214,-0.15545624494552612,-0.1236146092414856,0.6577617526054382,0.7430133819580078
300,1648569308.2444963,301.0418701171875,-22.610746383666992,1551.986572265625,0.9965845346450806,-0.0162684116512537,-0.08096043020486832,0.005165770184248686,0.9907640814781189,-0.13549865782260895,0.08241703361272812,0.1346176415681839,0.987464189529419
4,1648569308.2445364,89.17938232421875,-48.41048049926758,1526.802490234375,0.13698051869869232,-0.990368664264679,0.020154770463705063,-0.9776161313056946,-0.1318805068731308,0.16393348574638367,-0.159696564078331,-0.042159322649240494,-0.9862654805183411
410,1648569308.244556,135.40884399414062,-130.19696044921875,1506.7520751953125,0.09343568980693817,0.7498312592506409,-0.6549983620643616,-0.9878588914871216,-0.012191417627036572,-0.15487486124038696,-0.12411536276340485,0.6615167856216431,0.7395883202552795
300,1648569308.29498,301.0619201660156,-22.621448516845703,1552.0101318359375,0.9964242577552795,-0.016390757635235786,-0.08288537710905075,0.005118326749652624,0.9909107089042664,-0.1344236433506012,0.0843353122472763,0.1335187405347824,0.987451434135437
4,1648569308.2950068,88.65223693847656,-48.62567901611328,1527.07568359375,0.1295165866613388,-0.9914540648460388,0.015628768131136894,-0.9791973829269409,-0.1254008412361145,0.15952159464359283,-0.15619847178459167,-0.03596433997154236,-0.9870707392692566
410,1648569308.2950249,135.1114959716797,-130.1992645263672,1506.8909912109375,0.09274622052907944,0.7502619028091431,-0.6546030640602112,-0.987730860710144,-0.013632558286190033,-0.15556952357292175,-0.1256418079137802,0.6610001921653748,0.7397924661636353
300,1648569308.3454738,301.0481262207031,-22.60285186767578,1552.040283203125,0.9967055916786194,-0.016178086400032043,-0.07947444170713425,0.005319294985383749,0.9908331036567688,-0.13498695194721222,0.08092973381280899,0.13411951065063477,0.987654983997345
4,1648569308.3455005,88.8572769165039,-48.468807220458984,1526.7530517578125,0.13090765476226807,-0.9912021160125732,0.01953260973095894,-0.9784678220748901,-0.1260044425725937,0.16347356140613556,-0.15957415103912354,-0.040511973202228546,-0.9863543510437012
410,1648569308.3455193,134.85777282714844,-130.30596923828125,1506.60693359375,0.0921810045838356,0.7517361640930176,-0.6529895663261414,-0.9880166053771973,-0.012479147873818874,-0.1538422554731369,-0.12379755079746246,0.6593458652496338,0.7415775060653687
300,1648569308.3960378,301.04913330078125,-22.610750198364258,1551.9910888671875,0.9966237545013428,-0.016459204256534576,-0.08043782413005829,0.005433386191725731,0.9907743334770203,-0.13541285693645477,0.08192452043294907,0.13451862335205078,0.9875186681747437
4,1648569308.3960645,88.73539733886719,-48.48323440551758,1526.74853515625,0.1297762393951416,-0.991367518901825,0.018670156598091125,-0.9786731600761414,-0.12504510581493378,0.162980318069458,-0.1592387855052948,-0.039422955363988876,-0.9864526391029358
410,1648569308.396082,134.54417419433594,-130.2176055908203,1506.3084716796875,0.09120135009288788,0.7543209195137024,-0.6501402258872986,-0.9875516891479492,-0.015509854070842266,-0.15652847290039062,-0.12815627455711365,0.6563226580619812,0.7435163259506226
300,1648569308.446576,301.04339599609375,-22.618684768676758,1551.99951171875,0.9966679215431213,-0.016135096549987793,-0.07995478808879852,0.005372431129217148,0.991096556186676,-0.1330365389585495,0.08138947188854218,0.13216370344161987,0.9878808259963989
4,1648569308.4466019,88.5705795288086,-48.43790054321289,1526.66455078125,0.13059450685977936,-0.9912621378898621,0.018560759723186493,-0.9783899188041687,-0.12582643330097198,0.16407597064971924,-0.16030685603618622,-0.03958708047866821,-0.9862730503082275
410,1648569308.4466212,134.47219848632812,-130.2480926513672,1506.3717041015625,0.08885609358549118,0.7513484954833984,-0.6538960337638855,-0.9879361391067505,-0.017114734277129173,-0.15391325950622559,-0.1268337517976761,0.6596836447715759,0.7407636046409607
300,1648569308.481168,301.0518798828125,-22.61224937438965,1552.0078125,0.9965978860855103,-0.01627971976995468,-0.08079337328672409,0.005292242392897606,0.9909148216247559,-0.13438697159290314,0.08224713057279587,0.13350220024585724,0.987629771232605
4,1648569308.4811935,88.57132720947266,-48.422542572021484,1526.6322021484375,0.1282261162996292,-0.9915627837181091,0.019008802250027657,-0.9785824418067932,-0.12338866293430328,0.1647774577140808,-0.161041721701622,-0.03973045200109482,-0.9861475825309753
410,1648569308.4812112,134.38607788085938,-130.26895141601562,1506.3050537109375,0.0897042453289032,0.7519797682762146,-0.6530540585517883,-0.9880432486534119,-0.015363636426627636,-0.1534096896648407,-0.12539426982402802,0.6590071320533752,0.7416103482246399
300,1648569308.526361,301.03363037109375,-22.611087799072266,1551.9237060546875,0.996597170829773,-0.016244806349277496,-0.08080949634313583,0.005316683556884527,0.9910142421722412,-0.13365066051483154,0.08225449174642563,0.1327662318944931,0.9877283573150635
4,1648569308.5263875,88.57682800292969,-48.40657043457031,1526.6656494140625,0.13137739896774292,-0.9911508560180664,0.018973438069224358,-0.9783268570899963,-0.12654002010822296,0.16390292346477509,-0.1600516140460968,-0.040095362812280655,-0.9862939715385437
410,1648569308.5264063,134.40980529785156,-130.31082153320312,1506.44287109375,0.08904717117547989,0.7529236674308777,-0.6520556211471558,-0.9880689382553101,-0.015816688537597656,-0.15319782495498657,-0.12565962970256805,0.6579177379608154,0.7425320744514465
300,1648569308.5723019,301.0419921875,-22.617605209350586,1551.9844970703125,0.9966302514076233,-0.01627288945019245,-0.08039452880620956,0.005337035283446312,0.9909112453460693,-0.13441134989261627,0.08185110241174698,0.13352935016155243,0.9876589775085449
4,1648569308.572329,88.47357940673828,-48.46380615234375,1526.7431640625,0.12649688124656677,-0.9918493032455444,0.015281382016837597,-0.979083240032196,-0.12236432731151581,0.16255135834217072,-0.15935654938220978,-0.03552398458123207,-0.9865817427635193
410,1648569308.572347,134.39915466308594,-130.23692321777344,1506.4586181640625,0.09006760269403458,0.7533272504806519,-0.6514490842819214,-0.9878733158111572,-0.015485388226807117,-0.15448781847953796,-0.12646782398223877,0.657463550567627,0.7427971363067627
300,1648569308.6225638,301.0567321777344,-22.60504150390625,1552.0029296875,0.996495246887207,-0.01629725471138954,-0.08204670995473862,0.00499946903437376,0.9906875491142273,-0.13606321811676025,0.08350010961294174,0.1351761519908905,0.9872968792915344
4,1648569308.622591,88.90142822265625,-48.396026611328125,1526.7193603515625,0.1329272985458374,-0.9909189343452454,0.020249763503670692,-0.9781831502914429,-0.12787306308746338,0.1637260764837265,-0.15964986383914948,-0.04157164320349693,-0.9862979650497437
410,1648569308.6226094,134.74331665039062,-130.18936157226562,1506.383544921875,0.08891674131155014,0.7518156170845032,-0.6533506512641907,-0.9882164001464844,-0.015460570342838764,-0.15228037536144257,-0.12458793073892593,0.6591921448707581,0.7415817975997925
300,1648569308.673062,301.0572509765625,-22.612422943115234,1551.9869384765625,0.9965059161186218,-0.01631994917988777,-0.08191190659999847,0.005115719977766275,0.9908090829849243,-0.13517093658447266,0.0833650454878807,0.13427960872650146,0.9874306321144104
4,1648569308.6730888,89.03718566894531,-48.36806106567383,1526.735595703125,0.135226771235466,-0.990557849407196,0.022557971999049187,-0.9778150916099548,-0.1297421157360077,0.16445234417915344,-0.15997283160686493,-0.04429588466882706,-0.9861270785331726
410,1648569308.6731067,135.08383178710938,-130.23004150390625,1506.7288818359375,0.08963111788034439,0.7490215301513672,-0.656454861164093,-0.9883185625076294,-0.014680217020213604,-0.1516934484243393,-0.1232585608959198,0.662382960319519,0.738956093788147
300,1648569308.72359,301.063232421875,-22.60346031188965,1552.013427734375,0.9965702295303345,-0.01648819074034691,-0.0810919776558876,0.005482705309987068,0.9909515380859375,-0.13410818576812744,0.082569420337677,0.13320361077785492,0.9876431822776794
4,1648569308.7236168,89.1192398071289,-48.302635192871094,1526.690673828125,0.13191698491573334,-0.9910130500793457,0.022158775478601456,-0.9782660603523254,-0.12654738128185272,0.16425994038581848,-0.15997961163520813,-0.0433458536863327,-0.9861681461334229
410,1648569308.7236357,135.25408935546875,-130.17172241210938,1506.795654296875,0.09218726307153702,0.7490096688270569,-0.6561143398284912,-0.9881671667098999,-0.012302526272833347,-0.15288665890693665,-0.12258545309305191,0.6624448299407959,0.739012598991394
300,1648569308.7741172,301.05633544921875,-22.602691650390625,1552.0194091796875,0.9966180920600891,-0.016263144090771675,-0.08054760843515396,0.005303466226905584,0.9909060597419739,-0.13445115089416504,0.0820017084479332,0.13356925547122955,0.9876410961151123
4,1648569308.7741432,89.14594268798828,-48.269683837890625,1526.747802734375,0.12998288869857788,-0.9913103580474854,0.020203670486807823,-0.9786655902862549,-0.12500160932540894,0.16305893659591675,-0.15911652147769928,-0.040967509150505066,-0.9864094257354736
410,1648569308.774161,135.40869140625,-130.07553100585938,1506.7501220703125,0.08946222066879272,0.7476781606674194,-0.6580075025558472,-0.9880508780479431,-0.016627930104732513,-0.15322859585285187,-0.12550696730613708,0.6638530492782593,0.7372564673423767
300,1648569308.8247435,301.0538330078125,-22.595745086669922,1552.0452880859375,0.9966502785682678,-0.016109809279441833,-0.0801793560385704,0.005166872404515743,0.9908514022827148,-0.13485844433307648,0.08161836862564087,0.13399243354797363,0.9876155257225037
4,1648569308.8247697,89.54232025146484,-48.05945587158203,1526.37939453125,0.1369936168193817,-0.9902654886245728,0.0246385857462883,-0.9773362874984741,-0.1310688853263855,0.16623692214488983,-0.1613893359899521,-0.046853579580783844,-0.9857779741287231
410,1648569308.8247886,135.3005828857422,-129.9070587158203,1505.9521484375,0.0883539468050003,0.7503789663314819,-0.6550763249397278,-0.9880666732788086,-0.017275499179959297,-0.1530550867319107,-0.12616607546806335,0.6607820987701416,0.7398980855941772
300,1648569308.8752608,301.0558776855469,-22.595821380615234,1551.97900390625,0.9965327382087708,-0.016341721639037132,-0.08158110082149506,0.005198915954679251,0.9908359050750732,-0.13497088849544525,0.08303914219141006,0.1340787708759308,0.987485408782959
4,1648569308.8752873,89.32268524169922,-48.01359939575195,1526.1778564453125,0.13421957194805145,-0.9906286597251892,0.025298045948147774,-0.9773285388946533,-0.12811270356178284,0.16857077181339264,-0.16375002264976501,-0.047349996864795685,-0.9853648543357849
410,1648569308.8753052,135.29843139648438,-129.9213409423828,1506.0677490234375,0.09031549096107483,0.7488805055618286,-0.6565219759941101,-0.9880861639976501,-0.015105966478586197,-0.15315869450569153,-0.12461496889591217,0.6625328660011292,0.7385941743850708
300,1648569308.9257252,301.0511779785156,-22.59307289123535,1551.970947265625,0.9965358972549438,-0.016150757670402527,-0.08158064633607864,0.0050096227787435055,0.9908377528190613,-0.1349647492170334,0.08301296830177307,0.13408851623535156,0.9874862432479858
4,1648569308.9257514,88.9617919921875,-48.087032318115234,1526.1336669921875,0.12926460802555084,-0.9913776516914368,0.021470433101058006,-0.9781327843666077,-0.12392015010118484,0.16703319549560547,-0.162932351231575,-0.04259241372346878,-0.9857174754142761
410,1648569308.9257703,135.52081298828125,-129.95973205566406,1506.455810546875,0.09505537152290344,0.7468354105949402,-0.6581803560256958,-0.9881668090820312,-0.00916257407516241,-0.15310925245285034,-0.1203780323266983,0.6649458408355713,0.7371269464492798
300,1648569308.9762619,301.0307312011719,-22.59177589416504,1551.96630859375,0.996676504611969,-0.015980225056409836,-0.07987864315509796,0.005165986716747284,0.9909952878952026,-0.1337968409061432,0.08129746466875076,0.13293951749801636,0.9877842664718628
4,1648569308.976304,89.02898406982422,-48.07120895385742,1526.315185546875,0.13476209342479706,-0.9906764626502991,0.019984442740678787,-0.9774461984634399,-0.12959876656532288,0.16674262285232544,-0.16259802877902985,-0.0420043021440506,-0.9857978820800781
410,1648569308.976323,135.89414978027344,-129.96810913085938,1506.8399658203125,0.09618687629699707,0.7453486919403076,-0.6596994996070862,-0.9881041646003723,-0.008396984077990055,-0.15355679392814636,-0.11999283730983734,0.6666219234466553,0.7356744408607483
300,1648569309.0074964,301.04486083984375,-22.592641830444336,1551.9412841796875,0.9965265393257141,-0.016425522044301033,-0.0816398411989212,0.005312885157763958,0.9908976554870605,-0.1345125138759613,0.08310616761445999,0.1336115449666977,0.9875430464744568
4,1648569309.007523,89.28726959228516,-48.05849075317383,1526.3739013671875,0.1329677700996399,-0.9909573793411255,0.01797325536608696,-0.9776304364204407,-0.12815463542938232,0.16677863895893097,-0.16296716034412384,-0.039747387170791626,-0.985830545425415
410,1648569309.0075426,135.94151306152344,-129.94065856933594,1506.70703125,0.09588135778903961,0.7470414638519287,-0.6578266024589539,-0.988265335559845,-0.007500963751226664,-0.15256263315677643,-0.11890494078397751,0.6647351384162903,0.737555980682373
300,1648569309.053167,301.04547119140625,-22.597652435302734,1551.9774169921875,0.9965924620628357,-0.016247723251581192,-0.08086710423231125,0.005238384939730167,0.9908953309059143,-0.13453255593776703,0.08231668174266815,0.1336505264043808,0.9876039028167725
4,1648569309.0531914,89.3816146850586,-48.03084182739258,1526.4217529296875,0.13808125257492065,-0.9901546239852905,0.022964507341384888,-0.9770088791847229,-0.13237187266349792,0.1671265959739685,-0.16244131326675415,-0.0455135777592659,-0.9856679439544678
410,1648569309.0532093,135.96017456054688,-129.93585205078125,1506.7763671875,0.09388678520917892,0.7462561726570129,-0.6590045690536499,-0.9884182214736938,-0.009400882758200169,-0.1514630913734436,-0.11922549456357956,0.6655924916267395,0.7367305755615234
300,1648569309.101596,301.0464172363281,-22.60129737854004,1552.0078125,0.9966151118278503,-0.016203491017222404,-0.0805964544415474,0.005284246522933245,0.990982174873352,-0.13388939201831818,0.08203913271427155,0.13301029801368713,0.9877134561538696
4,1648569309.101622,89.01060485839844,-48.15291976928711,1526.576171875,0.13041944801807404,-0.9913017749786377,0.017651326954364777,-0.9783609509468079,-0.1257917881011963,0.16427496075630188,-0.1606256663799286,-0.03869402036070824,-0.9862566590309143
410,1648569309.101641,135.6845703125,-129.91017150878906,1506.81787109375,0.09459299594163895,0.7473888993263245,-0.6576184034347534,-0.9881179928779602,-0.009894953109323978,-0.15337833762168884,-0.12114037573337555,0.6643131375312805,0.737572431564331
300,1648569309.1346335,301.05181884765625,-22.587478637695312,1551.9969482421875,0.9965410828590393,-0.01625172048807144,-0.08149690181016922,0.005106155760586262,0.9908126592636108,-0.13514521718025208,0.08294450491666794,0.1342616230249405,0.9874684810638428
4,1648569309.1346579,89.20295715332031,-47.996822357177734,1526.363037109375,0.13442689180374146,-0.9906574487686157,0.02296019159257412,-0.9775314331054688,-0.12877805531024933,0.16687878966331482,-0.1623629480600357,-0.0448773056268692,-0.9857100248336792
410,1648569309.1346762,135.6872100830078,-129.9803009033203,1506.8099365234375,0.09457946568727493,0.7462027668952942,-0.6589660048484802,-0.9886674880981445,-0.007111573126167059,-0.14995358884334564,-0.11658207327127457,0.6656807661056519,0.7370737791061401
300,1648569309.1729648,301.0444641113281,-22.592796325683594,1551.94287109375,0.9965139031410217,-0.016474004834890366,-0.08178398013114929,0.005307014100253582,0.9908417463302612,-0.13492394983768463,0.08325771987438202,0.13401955366134644,0.9874750375747681
4,1648569309.1729913,88.99761199951172,-48.10479736328125,1526.4381103515625,0.13117587566375732,-0.9911965727806091,0.017951268702745438,-0.9781614542007446,-0.12646351754665375,0.1649458408355713,-0.16122356057167053,-0.03919615224003792,-0.9861392378807068
410,1648569309.1730099,135.69371032714844,-130.05833435058594,1507.14794921875,0.09617211669683456,0.7453585267066956,-0.6596904993057251,-0.9885313510894775,-0.0060048894956707954,-0.15089643001556396,-0.11643331497907639,0.6666367650032043,0.7362327575683594
300,1648569309.2234,301.0458068847656,-22.59307098388672,1551.9732666015625,0.9965745806694031,-0.016288217157125473,-0.08107911050319672,0.00529880216345191,0.990973949432373,-0.13394999504089355,0.08252909034490585,0.13306154310703278,0.9876657128334045
4,1648569309.2234268,88.79513549804688,-48.22905349731445,1526.607421875,0.1297573298215866,-0.9913935661315918,0.017374113202095032,-0.9787305593490601,-0.12525257468223572,0.16247543692588806,-0.15890094637870789,-0.03808695450425148,-0.9865596294403076
410,1648569309.2234466,135.92376708984375,-130.0567626953125,1507.5228271484375,0.09712856262922287,0.744056761264801,-0.6610185503959656,-0.9884915947914124,-0.00527465995401144,-0.15118397772312164,-0.11597610265016556,0.668095588684082,0.7349815368652344
300,1648569309.2737453,301.0384521484375,-22.590679168701172,1551.9815673828125,0.9966374635696411,-0.016163967549800873,-0.08032729476690292,0.005174841731786728,0.9908087253570557,-0.13517147302627563,0.08177389204502106,0.13430127501487732,0.9875607490539551
4,1648569309.2737732,89.23603820800781,-48.07288360595703,1526.4422607421875,0.13755451142787933,-0.9902453422546387,0.022202366963028908,-0.9775113463401794,-0.13210003077983856,0.1643812656402588,-0.15984484553337097,-0.04431445151567459,-0.9861469864845276
410,1648569309.273792,136.1931915283203,-129.98504638671875,1507.3017578125,0.09697061032056808,0.7440968751907349,-0.6609966158866882,-0.9885783195495605,-0.004972853697836399,-0.150626078248024,-0.11536743491888046,0.6680532097816467,0.7351158261299133
300,1648569309.3244338,301.0403137207031,-22.59381866455078,1551.9306640625,0.9965619444847107,-0.01616894081234932,-0.08125772327184677,0.005093756131827831,0.9908738136291504,-0.1346965730190277,0.08269404619932175,0.133819580078125,0.9875494837760925
4,1648569309.3244607,89.15943145751953,-48.11883544921875,1526.4256591796875,0.13470932841300964,-0.9906523823738098,0.02147623337805271,-0.977681577205658,-0.12935669720172882,0.16554629802703857,-0.1612207293510437,-0.04329754784703255,-0.9859681725502014
410,1648569309.3244789,136.1186065673828,-129.987548828125,1507.376953125,0.09734146296977997,0.7429307699203491,-0.6622525453567505,-0.9885460138320923,-0.00493578752502799,-0.1508389264345169,-0.11533161997795105,0.6693500280380249,0.733940839767456
300,1648569309.3749545,301.0380859375,-22.595888137817383,1551.9588623046875,0.996570885181427,-0.016256438568234444,-0.08113103359937668,0.005265410058200359,0.9909824728965759,-0.13388824462890625,0.0825759768486023,0.1330019235610962,0.987669825553894
4,1648569309.374981,88.90257263183594,-48.243316650390625,1526.646240234375,0.12931597232818604,-0.9914397597312927,0.018015682697296143,-0.978963315486908,-0.12475483119487762,0.16145308315753937,-0.15782347321510315,-0.038515154272317886,-0.9867159128189087
410,1648569309.3749988,136.0991973876953,-130.1477813720703,1507.9755859375,0.09853661060333252,0.7404824495315552,-0.6648129820823669,-0.9888536930084229,-0.0020747114904224873,-0.14887581765651703,-0.11161922663450241,0.6720725297927856,0.7320243716239929
300,1648569309.425443,301.04241943359375,-22.590347290039062,1551.98583984375,0.996578574180603,-0.016192641109228134,-0.08104865998029709,0.005179058760404587,0.9909279346466064,-0.13429464399814606,0.08248797059059143,0.13341541588306427,0.9876214265823364
4,1648569309.425469,88.78694915771484,-48.31246566772461,1526.863037109375,0.1318415254354477,-0.9911255836486816,0.01696697436273098,-0.9786472320556641,-0.127420574426651,0.16128723323345184,-0.15769396722316742,-0.037869036197662354,-0.9867616295814514
410,1648569309.4254873,135.91786193847656,-130.15817260742188,1508.058349609375,0.0965125560760498,0.7425563931465149,-0.6627935767173767,-0.9887993931770325,-0.004636798519641161,-0.1491786390542984,-0.1138467937707901,0.6697674989700317,0.7337918281555176
