300,1648716562.5570989,41.59164810180664,-55.5770263671875,1610.2252197265625,0.9988356828689575,-0.04472697898745537,0.01807544380426407,0.04817242920398712,0.9447652697563171,-0.32418814301490784,-0.0025770964566618204,0.32468143105506897,0.9458199143409729
4,1648716562.557126,-262.6313781738281,-42.40011215209961,1569.06787109375,-0.054115235805511475,-0.995337188243866,0.07984624058008194,-0.6997573375701904,0.09484542906284332,0.7080565094947815,-0.7123280167579651,-0.01755634881556034,-0.7016270756721497
300,1648716562.5912588,41.591575622558594,-55.574459075927734,1610.2239990234375,0.9988371729850769,-0.044778525829315186,0.01786683313548565,0.04815240949392319,0.9449086785316467,-0.32377296686172485,-0.002384450053796172,0.3242567777633667,0.9459660649299622
4,1648716562.591285,-262.6105041503906,-42.42793273925781,1569.06591796875,-0.05445753037929535,-0.9952671527862549,0.08048365265130997,-0.6997177004814148,0.09553968161344528,0.7080023288726807,-0.7123408913612366,-0.01775977574288845,-0.7016088962554932
300,1648716562.6226892,41.600555419921875,-55.5783576965332,1610.21875,0.9988353252410889,-0.0447775162756443,0.017971957102417946,0.04818744212388992,0.9446569085121155,-0.324501633644104,-0.002446957631036639,0.3249897062778473,0.9457144141197205
4,1648716562.6227155,-262.5843505859375,-42.492828369140625,1569.0772705078125,-0.05462609604001045,-0.9950776696205139,0.08268290013074875,-0.7004662156105042,0.09720192104578018,0.7070352435112,-0.711591899394989,-0.019294003024697304,-0.702328085899353
300,1648716562.6726365,41.59296417236328,-55.577476501464844,1610.2236328125,0.9988385438919067,-0.04483802989125252,0.01763841323554516,0.048135410994291306,0.9447914958000183,-0.3241172730922699,-0.0021318441722542048,0.3245898485183716,0.9458524584770203
4,1648716562.672661,-262.5942077636719,-42.572471618652344,1569.112548828125,-0.05481715872883797,-0.9949638247489929,0.08391694724559784,-0.7005767822265625,0.09820958971977234,0.7067863941192627,-0.7114683985710144,-0.02004624344408512,-0.7024321556091309
300,1648716562.7198787,41.58871078491211,-55.57952117919922,1610.2230224609375,0.9988369345664978,-0.04482635110616684,0.017759038135409355,0.0481620728969574,0.944997251033783,-0.32351288199424744,-0.002280339365825057,0.32399192452430725,0.9460570812225342
4,1648716562.7199073,-262.59515380859375,-42.57537841796875,1569.10400390625,-0.05520522594451904,-0.9949789643287659,0.08348183333873749,-0.7009493708610535,0.0981624647974968,0.7064234614372253,-0.711071252822876,-0.01951827108860016,-0.7028489708900452
300,1648716562.7531211,41.59852600097656,-55.57381057739258,1610.2061767578125,0.9988371133804321,-0.04477537423372269,0.01787695288658142,0.048151854425668716,0.945023775100708,-0.3234369456768036,-0.0024121359456330538,0.32392165064811707,0.9460808634757996
4,1648716562.7531457,-262.5838928222656,-42.56828689575195,1569.125732421875,-0.05537677928805351,-0.9950085878372192,0.08301416784524918,-0.7008950114250183,0.09795228391885757,0.7065065503120422,-0.7111114859580994,-0.01906016282737255,-0.7028208374977112
300,1648716562.7887952,41.59503173828125,-55.569091796875,1610.162109375,0.9988399744033813,-0.044908441603183746,0.01737588457763195,0.04811616241931915,0.9449023604393005,-0.32379674911499023,-0.0018773068441078067,0.3242571949958801,0.9459670782089233
4,1648716562.7888224,-262.595947265625,-42.614654541015625,1569.1895751953125,-0.05543925613164902,-0.9948568940162659,0.08477142453193665,-0.70096755027771,0.09924174100160599,0.7062546014785767,-0.7110351324081421,-0.02026779018342495,-0.7028642892837524
300,1648716562.8379366,41.58528518676758,-55.57930374145508,1610.2181396484375,0.9988341331481934,-0.04471295699477196,0.018195295706391335,0.048197392374277115,0.9448468685150146,-0.3239465653896332,-0.0027071605436503887,0.32444584369659424,0.9459003806114197
4,1648716562.8379633,-262.621337890625,-42.60064697265625,1569.198486328125,-0.055818237364292145,-0.9947628378868103,0.08562272042036057,-0.7011198997497559,0.1001075804233551,0.7059811353683472,-0.71085524559021,-0.020625170320272446,-0.703035831451416
300,1648716562.8690205,41.59336853027344,-55.57958984375,1610.23095703125,0.9988370537757874,-0.04478929191827774,0.01784571260213852,0.04815679043531418,0.9447640180587769,-0.32419419288635254,-0.002339558908715844,0.3246765434741974,0.9458222389221191
4,1648716562.8690467,-262.6203308105469,-42.544639587402344,1569.167724609375,-0.05603637173771858,-0.9947181940078735,0.08599793910980225,-0.7005458474159241,0.10054368525743484,0.706488847732544,-0.7114038467407227,-0.02065642736852169,-0.7024797797203064
300,1648716562.9104593,41.59292221069336,-55.580528259277344,1610.240478515625,0.99883633852005,-0.04472822695970535,0.01803666725754738,0.04816027358174324,0.9448607563972473,-0.3239116668701172,-0.002554145408794284,0.32440340518951416,0.9459154009819031
4,1648716562.9104865,-262.5966491699219,-42.49254608154297,1569.1337890625,-0.05620958283543587,-0.9945752024650574,0.08752547204494476,-0.7002121806144714,0.1017601415514946,0.7066454291343689,-0.7117185592651367,-0.021566158160567284,-0.7021335959434509
300,1648716562.9596796,41.57916259765625,-55.57529830932617,1610.22412109375,0.9988430142402649,-0.044835664331912994,0.017389671877026558,0.048052817583084106,0.9447293877601624,-0.3243105411529541,-0.0018878550035879016,0.3247709572315216,0.9457908272743225
4,1648716562.9597058,-262.59149169921875,-42.506004333496094,1569.1329345703125,-0.05751684308052063,-0.9941036105155945,0.09192287921905518,-0.7001609802246094,0.10580186545848846,0.7061023712158203,-0.7116645574569702,-0.023748034611344337,-0.702117919921875
300,1648716563.0089645,41.58931350708008,-55.580204010009766,1610.24658203125,0.9988386034965515,-0.044814929366111755,0.01769375056028366,0.048131540417671204,0.9447889924049377,-0.324125200510025,-0.0021912131924182177,0.3246003985404968,0.9458487033843994
4,1648716563.009072,-262.5380859375,-42.613861083984375,1569.1727294921875,-0.05787379667162895,-0.9939184188842773,0.09368446469306946,-0.7010628581047058,0.10727167874574661,0.7049849033355713,-0.7107471823692322,-0.024878546595573425,-0.7030075192451477
300,1648716563.0582912,41.590301513671875,-55.576515197753906,1610.234375,0.9988402128219604,-0.04482279717922211,0.017581362277269363,0.0481032058596611,0.9446806311607361,-0.32444503903388977,-0.0020662378519773483,0.32491448521614075,0.9457411170005798
4,1648716563.0584087,-262.4751892089844,-42.910770416259766,1569.3424072265625,-0.05704561248421669,-0.9939945340156555,0.09338442981243134,-0.7023642659187317,0.10643140971660614,0.7038158774375916,-0.7095281481742859,-0.025440281257033348,-0.7042177319526672
300,1648716563.1076307,41.59503936767578,-55.580589294433594,1610.24462890625,0.9988358020782471,-0.044809646904468536,0.017865419387817383,0.04818170890212059,0.9448633193969727,-0.3239009976387024,-0.0023664901964366436,0.3243846893310547,0.945922315120697
4,1648716563.107733,-262.400390625,-43.1707763671875,1569.4642333984375,-0.056618496775627136,-0.9939516186714172,0.09409821033477783,-0.7047029137611389,0.1065494567155838,0.7014563679695129,-0.7072398066520691,-0.02659587934613228,-0.7064732909202576
300,1648716563.1569388,41.598731994628906,-55.57872772216797,1610.2437744140625,0.9988347291946411,-0.044870905578136444,0.017770659178495407,0.04820840060710907,0.9449364542961121,-0.3236835300922394,-0.002268170705065131,0.3241630494594574,0.94599848985672
4,1648716563.1569657,-262.3905944824219,-43.31903076171875,1569.5478515625,-0.0563877671957016,-0.9940176606178284,0.09353770315647125,-0.7058599591255188,0.10594792664051056,0.7003833055496216,-0.706103503704071,-0.026531465351581573,-0.7076114416122437
300,1648716563.206245,41.595558166503906,-55.57958984375,1610.25244140625,0.9988325238227844,-0.04482285678386688,0.018014095723628998,0.048243243247270584,0.9447555541992188,-0.32420605421066284,-0.002487075049430132,0.3246966004371643,0.9458149671554565
4,1648716563.206355,-262.41546630859375,-43.38869857788086,1569.5936279296875,-0.0562155656516552,-0.9942111968994141,0.0915638878941536,-0.7061203718185425,0.10442616790533066,0.7003493309020996,-0.7058568000793457,-0.025284593924880028,-0.7079031467437744
300,1648716563.2379558,41.59735870361328,-55.58182144165039,1610.25634765625,0.9988314509391785,-0.04483930021524429,0.018032774329185486,0.04826435074210167,0.9448208212852478,-0.3240125775337219,-0.002509244019165635,0.3245042860507965,0.9458808898925781
4,1648716563.2379827,-262.4149475097656,-43.34453201293945,1569.5711669921875,-0.05611301213502884,-0.9942277073860168,0.09144706279039383,-0.7058157324790955,0.10428231954574585,0.700677752494812,-0.7061695456504822,-0.025227637961506844,-0.7075932025909424
300,1648716563.3295157,41.59377670288086,-55.582977294921875,1610.2603759765625,0.9988349676132202,-0.044849857687950134,0.017811108380556107,0.048202116042375565,0.9448643922805786,-0.3238947093486786,-0.002302451292052865,0.3243758976459503,0.9459254741668701
4,1648716563.32954,-262.4191589355469,-43.64105987548828,1569.723876953125,-0.056660134345293045,-0.9941405653953552,0.09205528348684311,-0.7082504034042358,0.10500936210155487,0.6981077194213867,-0.7036839127540588,-0.025643309578299522,-0.7100502848625183
300,1648716563.3645325,41.60417556762695,-55.57875442504883,1610.2587890625,0.9988340735435486,-0.04483693093061447,0.017893126234412193,0.04821598157286644,0.9449333548545837,-0.3236915171146393,-0.0023944773711264133,0.3241768479347229,0.9459934830665588
4,1648716563.364557,-262.4091491699219,-43.84318542480469,1569.82568359375,-0.05631811544299126,-0.9940990805625916,0.09271072596311569,-0.7094895839691162,0.10518069565296173,0.696822464466095,-0.7024619579315186,-0.026533566415309906,-0.7112265229225159
300,1648716563.3976035,41.60694122314453,-55.58455276489258,1610.27294921875,0.9988293051719666,-0.04483294114470482,0.01816658116877079,0.04830208793282509,0.9447784423828125,-0.3241305649280548,-0.002631667535752058,0.3246285915374756,0.9458379149436951
4,1648716563.3976297,-262.4250183105469,-44.013648986816406,1569.9268798828125,-0.05617998540401459,-0.9941868185997009,0.09185007214546204,-0.7103030681610107,0.10444914549589157,0.6961033940315247,-0.7016504406929016,-0.026134314015507698,-0.7120419144630432
300,1648716563.4400468,41.601043701171875,-55.58085250854492,1610.2591552734375,0.998833417892456,-0.04493403807282448,0.01768447272479534,0.048240695148706436,0.9448580741882324,-0.3239074647426605,-0.002154845744371414,0.3243827223777771,0.9459234476089478
4,1648716563.4400733,-262.46173095703125,-44.210872650146484,1570.0384521484375,-0.05570067837834358,-0.9943869113922119,0.0899559035897255,-0.711820662021637,0.10272760689258575,0.6948081254959106,-0.7001490592956543,-0.02533118613064289,-0.7135471701622009
300,1648716563.4910135,41.613861083984375,-55.580570220947266,1610.2554931640625,0.9988335371017456,-0.04498825594782829,0.017540432512760162,0.04824603348970413,0.9447316527366638,-0.3242751955986023,-0.001982425805181265,0.3247431814670563,0.9458001255989075
4,1648716563.4910378,-262.4495544433594,-44.41165542602539,1570.144775390625,-0.055655382573604584,-0.9945656657218933,0.08798643201589584,-0.713717520236969,0.10125379264354706,0.693076491355896,-0.6982190608978271,-0.024224016815423965,-0.7154742479324341
300,1648716563.5240166,41.61137390136719,-55.57851028442383,1610.2674560546875,0.9988299608230591,-0.044889140874147415,0.017992032691836357,0.04829783737659454,0.9448764324188232,-0.32384541630744934,-0.0024631056003272533,0.3243354558944702,0.9459389448165894
4,1648716563.524042,-262.4610290527344,-44.49467849731445,1570.191162109375,-0.055706702172756195,-0.9945253729820251,0.08840841054916382,-0.7140116691589355,0.10157416015863419,0.6927264928817749,-0.6979140639305115,-0.024535128846764565,-0.715761125087738
300,1648716563.5636466,41.5999870300293,-55.57944869995117,1610.26904296875,0.9988292455673218,-0.04497569054365158,0.017813008278608322,0.0483224093914032,0.9447659254074097,-0.3241640031337738,-0.0022496229503303766,0.3246452510356903,0.9458332061767578
4,1648716563.5636716,-262.490966796875,-44.61149215698242,1570.267333984375,-0.05591479688882828,-0.9944944977760315,0.08862382918596268,-0.7147276997566223,0.10184761136770248,0.6919475197792053,-0.6971641182899475,-0.024651803076267242,-0.7164875864982605
300,1648716563.6110656,41.60783386230469,-55.58137893676758,1610.26953125,0.9988300204277039,-0.044953543692827225,0.017824864014983177,0.04830528050661087,0.9447712898254395,-0.324150949716568,-0.0022686852607876062,0.3246327340602875,0.9458374381065369
4,1648716563.6110942,-262.5155334472656,-44.72154235839844,1570.3050537109375,-0.056091148406267166,-0.9944332838058472,0.08919795602560043,-0.7154869437217712,0.10234592854976654,0.691088855266571,-0.6963707804679871,-0.025056004524230957,-0.7172446846961975
300,1648716563.6604412,41.61294937133789,-55.575008392333984,1610.255615234375,0.9988288283348083,-0.0448627807199955,0.018118951469659805,0.048315804451704025,0.9446569681167603,-0.324482262134552,-0.002559016225859523,0.32497769594192505,0.9457182288169861
4,1648716563.6604686,-262.546875,-44.74694061279297,1570.30615234375,-0.056103479117155075,-0.9945346117019653,0.0880531519651413,-0.7155894041061401,0.10155557096004486,0.6910993456840515,-0.6962645053863525,-0.02423682250082493,-0.7173759937286377
300,1648716563.7098837,41.6068000793457,-55.57438278198242,1610.2415771484375,0.9988294243812561,-0.04489883407950401,0.01799757219851017,0.0483086071908474,0.944902241230011,-0.3237684965133667,-0.0024691177532076836,0.3242589235305786,0.9459651708602905
4,1648716563.7099109,-262.5785827636719,-44.8974494934082,1570.3843994140625,-0.055675897747278214,-0.9946902394294739,0.086553655564785,-0.7163690328598022,0.10018103569746017,0.6904919743537903,-0.695496678352356,-0.023560598492622375,-0.7181429266929626
300,1648716563.7591536,41.619117736816406,-55.5710334777832,1610.2462158203125,0.9988282918930054,-0.04491027072072029,0.018030529841780663,0.0483291856944561,0.9450209736824036,-0.3234187066555023,-0.002514408901333809,0.3239111602306366,0.9460841417312622
4,1648716563.7591834,-262.5627136230469,-45.10960388183594,1570.5179443359375,-0.05605560913681984,-0.9947029948234558,0.08616068959236145,-0.7182572484016418,0.10011748224496841,0.6885368824005127,-0.6935158967971802,-0.023289183154702187,-0.7200647592544556
300,1648716563.79376,41.61539840698242,-55.57353591918945,1610.2362060546875,0.9988270998001099,-0.04495583847165108,0.017982739955186844,0.04835816100239754,0.9448416233062744,-0.3239379823207855,-0.0024279379285871983,0.32442763447761536,0.9459074139595032
4,1648716563.793786,-262.590576171875,-45.22496032714844,1570.5859375,-0.056043583899736404,-0.9947900772094727,0.08515738695859909,-0.7188213467597961,0.09939592331647873,0.6880525350570679,-0.6929321885108948,-0.02265201508998871,-0.720646858215332
300,1648716563.8573775,41.61863708496094,-55.57332229614258,1610.2503662109375,0.9988288283348083,-0.0449000783264637,0.01802588440477848,0.04832042381167412,0.9447107911109924,-0.3243248462677002,-0.0024670357815921307,0.3248160481452942,0.9457740187644958
4,1648716563.8574064,-262.60443115234375,-45.28820037841797,1570.635009765625,-0.05577801167964935,-0.9949464797973633,0.08348861336708069,-0.7194433808326721,0.09803113341331482,0.6875980496406555,-0.692307710647583,-0.02171247825026512,-0.7212756276130676
300,1648716563.9063609,41.62302017211914,-55.576114654541016,1610.2452392578125,0.9988301992416382,-0.04494999349117279,0.017825789749622345,0.048303186893463135,0.9446321725845337,-0.3245564103126526,-0.0022500064224004745,0.32503777742385864,0.9456983804702759
4,1648716563.9063878,-262.56842041015625,-45.26455307006836,1570.614501953125,-0.05577059090137482,-0.9948462843894958,0.08467855304479599,-0.7193639278411865,0.09885071218013763,0.6875638961791992,-0.6923909187316895,-0.022568851709365845,-0.7211694717407227
300,1648716563.9378338,41.61347579956055,-55.575130462646484,1610.2425537109375,0.9988283514976501,-0.044898439198732376,0.01805628277361393,0.048327282071113586,0.9448995590209961,-0.3237735331058502,-0.0025244473945349455,0.32426682114601135,0.9459623098373413
4,1648716563.937859,-262.54193115234375,-45.21692657470703,1570.5810546875,-0.05593692883849144,-0.9946976900100708,0.08629937469959259,-0.719331681728363,0.10009167343378067,0.6874181032180786,-0.6924110054969788,-0.023625819012522697,-0.7211163640022278
300,1648716563.9811735,41.6144905090332,-55.57728576660156,1610.2451171875,0.9988293051719666,-0.04487970471382141,0.018049556761980057,0.04830852523446083,0.94475257396698,-0.32420504093170166,-0.0025021368637681007,0.32469746470451355,0.9458146095275879
4,1648716563.9811983,-262.4581298828125,-45.202293395996094,1570.5775146484375,-0.05646028742194176,-0.9943000674247742,0.0904410257935524,-0.7191757559776306,0.10333600640296936,0.6871010661125183,-0.6925304532051086,-0.026249071583151817,-0.720910906791687
300,1648716564.028668,41.623348236083984,-55.57244110107422,1610.2452392578125,0.998828649520874,-0.04482904449105263,0.018213296309113503,0.048313647508621216,0.9447680711746216,-0.32415899634361267,-0.002675603609532118,0.32465922832489014,0.9458272457122803
4,1648716564.0286953,-262.3438720703125,-45.16684341430664,1570.5684814453125,-0.056559495627880096,-0.9941027164459229,0.09252473711967468,-0.7186834216117859,0.10486684739589691,0.6873842477798462,-0.6930333375930786,-0.027617886662483215,-0.7203763127326965
300,1648716564.0779936,41.6119499206543,-55.57895278930664,1610.2337646484375,0.9988269209861755,-0.04490767791867256,0.018111970275640488,0.04835475981235504,0.9448127746582031,-0.32402268052101135,-0.0025613142643123865,0.3245183825492859,0.9458759427070618
4,1648716564.0780208,-262.3100280761719,-45.09467697143555,1570.5098876953125,-0.05685308203101158,-0.9938488006591797,0.09503838419914246,-0.7185398936271667,0.10682182759046555,0.6872332692146301,-0.6931580901145935,-0.029217537492513657,-0.7201931476593018
300,1648716564.1278837,41.62198257446289,-55.576698303222656,1610.2371826171875,0.9988251328468323,-0.04487846791744232,0.01828252710402012,0.04838281497359276,0.9447713494300842,-0.3241391181945801,-0.0027259408961981535,0.3246428668498993,0.9458327293395996
4,1648716564.1279101,-262.3561096191406,-45.01713562011719,1570.46484375,-0.05644071474671364,-0.9941118955612183,0.09249847382307053,-0.7177798748016357,0.1047992929816246,0.6883379220962524,-0.6939787268638611,-0.027543261647224426,-0.7194684743881226
410,1648716564.127928,-252.28379821777344,-220.45140075683594,1414.1365966796875,-0.06537802517414093,0.8053714632987976,-0.589154064655304,-0.7923147678375244,-0.4008120000362396,-0.4599859118461609,-0.6065995693206787,0.4367224872112274,0.6643120050430298
300,1648716564.1773264,41.626007080078125,-55.574459075927734,1610.22412109375,0.9988318085670471,-0.04487200826406479,0.017930639907717705,0.048263296484947205,0.944664478302002,-0.32446837425231934,-0.002378891920670867,0.32495471835136414,0.9457265734672546
4,1648716564.1773534,-262.3995361328125,-45.015235900878906,1570.44970703125,-0.05607768893241882,-0.9942298531532288,0.09144576638936996,-0.717677891254425,0.10381370782852173,0.6885935664176941,-0.6941136121749878,-0.02701386623084545,-0.7193584442138672
410,1648716564.1773727,-250.6876983642578,-219.30203247070312,1413.9573974609375,-0.07014863193035126,0.8018970489501953,-0.5933297872543335,-0.7846730351448059,-0.4116133749485016,-0.46353280544281006,-0.6159281134605408,0.4330537021160126,0.6581011414527893
300,1648716564.226476,41.610496520996094,-55.566497802734375,1610.204833984375,0.9988294243812561,-0.04482037201523781,0.018190860748291016,0.04829750955104828,0.9448481202125549,-0.32392799854278564,-0.0026690259110182524,0.32442739605903625,0.9459068179130554
4,1648716564.2265203,-262.4340515136719,-44.99605941772461,1570.431396484375,-0.05608542263507843,-0.9943479299545288,0.0901474729180336,-0.7173477411270142,0.10293242335319519,0.6890697479248047,-0.6944541931152344,-0.026020318269729614,-0.7190662622451782
410,1648716564.2265542,-248.68736267089844,-219.0157470703125,1413.50537109375,-0.07632417976856232,0.7983565330505371,-0.5973286032676697,-0.7767916917800903,-0.42319753766059875,-0.46636730432510376,-0.6251153945922852,0.428404837846756,0.6524569392204285
300,1648716564.2748938,41.621726989746094,-55.56727981567383,1610.217529296875,0.9988295435905457,-0.04478463530540466,0.018271945416927338,0.04828883334994316,0.9449866414070129,-0.32352495193481445,-0.0027777974028140306,0.3240286111831665,0.9460431933403015
4,1648716564.2749379,-262.4172668457031,-44.99651336669922,1570.4393310546875,-0.056107308715581894,-0.9942893981933594,0.0907774493098259,-0.7175569534301758,0.10337670892477036,0.6887853145599365,-0.6942362189292908,-0.026492100208997726,-0.71925950050354
410,1648716564.2749736,-246.67922973632812,-219.22996520996094,1412.96337890625,-0.08248760551214218,0.7951490879058838,-0.6007775664329529,-0.7687082886695862,-0.4344235062599182,-0.46942925453186035,-0.6342581510543823,0.4231005907058716,0.6470722556114197
300,1648716564.3240497,41.61459732055664,-55.576019287109375,1610.2347412109375,0.9988277554512024,-0.04480762407183647,0.01831524819135666,0.048325952142477036,0.944830060005188,-0.3239764869213104,-0.0027881816495209932,0.3244817852973938,0.9458878040313721
4,1648716564.324077,-262.41680908203125,-45.01746368408203,1570.4713134765625,-0.05630411207675934,-0.9941884279251099,0.09175615012645721,-0.7174072861671448,0.10420174151659012,0.6888169646263123,-0.6943749785423279,-0.027043303474783897,-0.7191050052642822
410,1648716564.3240945,-245.00469970703125,-218.5809783935547,1411.9505615234375,-0.08484179526567459,0.7927936315536499,-0.6035562753677368,-0.7649983167648315,-0.43994417786598206,-0.47034740447998047,-0.6384194493293762,0.4218144118785858,0.6438114643096924
300,1648716564.3733954,41.61298751831055,-55.576271057128906,1610.2431640625,0.9988316297531128,-0.04484216123819351,0.018013829365372658,0.04826033487915993,0.9448955655097961,-0.3237951099872589,-0.0025015168357640505,0.32428616285324097,0.945955753326416
4,1648716564.3734226,-262.4090576171875,-44.969173431396484,1570.4410400390625,-0.05652789771556854,-0.9941645860671997,0.0918768048286438,-0.7175831198692322,0.10443907976150513,0.6885977983474731,-0.694175124168396,-0.02700425684452057,-0.7192994356155396
410,1648716564.373442,-244.22216796875,-215.9900665283203,1411.078369140625,-0.08440966159105301,0.7943490147590637,-0.6015685200691223,-0.7638230919837952,-0.4392777681350708,-0.4728734791278839,-0.6398822069168091,0.41957685351371765,0.6438214182853699
300,1648716564.422727,41.62714767456055,-55.57993698120117,1610.2420654296875,0.9988318085670471,-0.04493018984794617,0.017783913761377335,0.048269376158714294,0.9448480010032654,-0.3239324986934662,-0.002248746808618307,0.3244125247001648,0.9459130167961121
4,1648716564.4227576,-262.3640441894531,-45.02732467651367,1570.4737548828125,-0.05656954646110535,-0.9941351413726807,0.09216965734958649,-0.7182818055152893,0.10464437305927277,0.6878377795219421,-0.6934487223625183,-0.027293117716908455,-0.7199888229370117
410,1648716564.4227755,-244.03611755371094,-213.4954376220703,1411.6583251953125,-0.08173801004886627,0.795706033706665,-0.6001423001289368,-0.7583779096603394,-0.44036048650741577,-0.4805680215358734,-0.646669864654541,0.41585397720336914,0.6394400596618652
300,1648716564.4543183,41.624507904052734,-55.57307815551758,1610.24267578125,0.9988310933113098,-0.044991426169872284,0.01766853593289852,0.04828920215368271,0.9449490308761597,-0.3236348628997803,-0.002135071437805891,0.3241097927093506,0.9460170865058899
4,1648716564.4543445,-262.3605041503906,-45.07191848754883,1570.49462890625,-0.05668478459119797,-0.9942169189453125,0.09121174365282059,-0.7185182571411133,0.10405532270669937,0.6876801252365112,-0.6931942701339722,-0.026556305587291718,-0.7202613949775696
410,1648716564.4543633,-243.51620483398438,-213.19985961914062,1411.3616943359375,-0.08211275190114975,0.7926068902015686,-0.6041786074638367,-0.757470428943634,-0.44360706210136414,-0.4790107309818268,-0.6476851105690002,0.41831454634666443,0.636802077293396
300,1648716564.4954314,41.617164611816406,-55.5680046081543,1610.2259521484375,0.9988330006599426,-0.04491273686289787,0.017762819305062294,0.048245951533317566,0.9448595643043518,-0.3239023983478546,-0.002236026804894209,0.32438138127326965,0.9459237456321716
4,1648716564.4954593,-262.3919982910156,-45.10149383544922,1570.5230712890625,-0.05634016916155815,-0.9942802786827087,0.09073308855295181,-0.7186635732650757,0.10347101837396622,0.6876164674758911,-0.6930717825889587,-0.026466133072972298,-0.720382571220398
410,1648716564.4954772,-243.7222137451172,-212.7298126220703,1411.025146484375,-0.0810992568731308,0.7924576997756958,-0.6045110821723938,-0.7562145590782166,-0.44401654601097107,-0.48061302304267883,-0.6492784023284912,0.4181627333164215,0.6352774500846863
300,1648716564.5447245,41.62753677368164,-55.573974609375,1610.2222900390625,0.998832106590271,-0.04485240578651428,0.017964743077754974,0.0482550747692585,0.9447672963142395,-0.3241700232028961,-0.0024326960556209087,0.3246583342552185,0.9458282589912415
4,1648716564.5447514,-262.3909606933594,-45.152015686035156,1570.5399169921875,-0.056718744337558746,-0.9942083954811096,0.0912836492061615,-0.7188190221786499,0.10411791503429413,0.6873562932014465,-0.6928796172142029,-0.02663043700158596,-0.7205613255500793
410,1648716564.5447705,-244.4064483642578,-212.59376525878906,1411.03759765625,-0.08091668784618378,0.7933444976806641,-0.6033713817596436,-0.755153477191925,-0.443897545337677,-0.48238804936408997,-0.650534987449646,0.41660475730895996,0.6350155472755432
300,1648716564.5782132,41.6238899230957,-55.57472229003906,1610.24169921875,0.998832643032074,-0.0449691116809845,0.017638731747865677,0.04825986549258232,0.9447287917137146,-0.3242815136909485,-0.0020811674185097218,0.3247542083263397,0.9457961320877075
4,1648716564.5782382,-262.3896484375,-45.126033782958984,1570.5225830078125,-0.0564441904425621,-0.9941404461860657,0.09218879044055939,-0.7185853719711304,0.10455555468797684,0.6875340938568115,-0.6931443214416504,-0.027438214048743248,-0.7202763557434082
410,1648716564.578256,-244.7941436767578,-213.06532287597656,1411.2012939453125,-0.0793491080403328,0.7887394428253174,-0.6095849871635437,-0.7559405565261841,-0.44623732566833496,-0.4789845049381256,-0.6498135328292847,0.42280301451683044,0.6316486597061157
300,1648716564.6141129,41.62004089355469,-55.57566452026367,1610.2176513671875,0.9988273978233337,-0.04489121586084366,0.018126269802451134,0.04834369197487831,0.944830596446991,-0.32397231459617615,-0.0025827432982623577,0.324468731880188,0.945892870426178
4,1648716564.6141393,-262.38067626953125,-45.11107635498047,1570.5030517578125,-0.05662662908434868,-0.9942002296447754,0.09142966568470001,-0.7185631990432739,0.10416252166032791,0.6876169443130493,-0.6931524872779846,-0.026760566979646683,-0.7202940583229065
410,1648716564.6141584,-245.6912384033203,-213.3968963623047,1411.0748291015625,-0.07732084393501282,0.7885200381278992,-0.610129177570343,-0.7551535367965698,-0.44588375091552734,-0.480552613735199,-0.6509720683097839,0.4235844910144806,0.629929780960083
300,1648716564.663459,41.6263542175293,-55.57232666015625,1610.2222900390625,0.9988330602645874,-0.04497867822647095,0.0175922978669405,0.04825347661972046,0.9447855353355408,-0.3241170644760132,-0.0020425927359610796,0.32458773255348206,0.9458534121513367
4,1648716564.6635,-262.3572082519531,-45.128814697265625,1570.5303955078125,-0.056689728051424026,-0.994092583656311,0.0925535336136818,-0.718586802482605,0.10498420149087906,0.6874673366546631,-0.6931228637695312,-0.027535410597920418,-0.7202933430671692
410,1648716564.6635203,-246.33506774902344,-213.85987854003906,1410.282958984375,-0.08059849590063095,0.7886351943016052,-0.6095559597015381,-0.7539318203926086,-0.4482582211494446,-0.48026177287101746,-0.6519898176193237,0.42085525393486023,0.6307060718536377
300,1648716564.6980748,41.615596771240234,-55.5755615234375,1610.249755859375,0.9988334774971008,-0.04484988749027252,0.0178928654640913,0.04822874814271927,0.9448519945144653,-0.32392701506614685,-0.0023780183400958776,0.32441210746765137,0.9459128379821777
4,1648716564.6981013,-262.3616027832031,-45.050174713134766,1570.4873046875,-0.05660443380475044,-0.9939839839935303,0.09376423060894012,-0.7178978323936462,0.10578837990760803,0.6880635619163513,-0.6938433647155762,-0.028365690261125565,-0.719567060470581
410,1648716564.6981194,-246.10040283203125,-213.95298767089844,1409.6370849609375,-0.09018522500991821,0.7898555397987366,-0.6066257357597351,-0.7534931302070618,-0.4524129629135132,-0.47704362869262695,-0.6512409448623657,0.41406604647636414,0.6359516978263855
300,1648716564.7325664,41.608585357666016,-55.576725006103516,1610.2593994140625,0.9988274574279785,-0.044837526977062225,0.018255507573485374,0.04833472892642021,0.9448443055152893,-0.32393360137939453,-0.0027242302894592285,0.32443615794181824,0.9459036588668823
4,1648716564.7325928,-262.3626708984375,-44.957210540771484,1570.44384765625,-0.05675140395760536,-0.9939687848091125,0.09383688867092133,-0.7176024317741394,0.10595622658729553,0.6883458495140076,-0.694136917591095,-0.02827298268675804,-0.7192875742912292
410,1648716564.7326114,-245.96702575683594,-213.39805603027344,1409.8101806640625,-0.09455303847789764,0.7915079593658447,-0.603800356388092,-0.751631498336792,-0.45445796847343445,-0.4780355989933014,-0.6527708768844604,0.4086356461048126,0.6378927230834961
300,1648716564.7638764,41.60860824584961,-55.568199157714844,1610.2353515625,0.998832643032074,-0.04481501504778862,0.018026644363999367,0.04823946952819824,0.9448114633560181,-0.32404354214668274,-0.002509764628484845,0.3245348632335663,0.9458703994750977
4,1648716564.7639027,-262.3077392578125,-44.956363677978516,1570.4560546875,-0.05610932782292366,-0.9939005970954895,0.09493839740753174,-0.717646062374115,0.10625647008419037,0.6882541179656982,-0.6941440105438232,-0.02951469086110592,-0.7192308306694031
410,1648716564.763923,-246.1608428955078,-212.1925811767578,1410.9525146484375,-0.09294315427541733,0.7919600009918213,-0.603457510471344,-0.7489576935768127,-0.4549674689769745,-0.4817332625389099,-0.6560670137405396,0.40719032287597656,0.635430634021759
300,1648716564.8012495,41.61585235595703,-55.57228469848633,1610.256103515625,0.9988306760787964,-0.04482154920697212,0.018119579181075096,0.04827643185853958,0.9447323679924011,-0.3242685794830322,-0.0025839318986982107,0.3247641623020172,0.945791482925415
4,1648716564.8012764,-262.3008117675781,-45.03927230834961,1570.497802734375,-0.055250514298677444,-0.9939868450164795,0.09453821182250977,-0.7182717323303223,0.1053362488746643,0.6877427101135254,-0.6935654878616333,-0.02990598790347576,-0.7197725176811218
410,1648716564.801294,-245.75650024414062,-212.2392120361328,1410.860595703125,-0.09414205700159073,0.7904441356658936,-0.6052563786506653,-0.7476811408996582,-0.4575590193271637,-0.48126155138015747,-0.6573508977890015,0.4072318375110626,0.6340757012367249
300,1648716564.8504632,41.6103630065918,-55.5740852355957,1610.256103515625,0.9988290071487427,-0.044748611748218536,0.018390929326415062,0.04829294979572296,0.9450263381004333,-0.32340848445892334,-0.0029078314546495676,0.3239179253578186,0.94608074426651
4,1648716564.8504896,-262.3623352050781,-45.09233856201172,1570.477294921875,-0.0566626600921154,-0.9941403865814209,0.09205536544322968,-0.7184761166572571,0.10462457686662674,0.6876378655433655,-0.6932398080825806,-0.02717619016766548,-0.720194399356842
410,1648716564.8505075,-246.77346801757812,-211.8590087890625,1410.5220947265625,-0.09473218023777008,0.7920840382575989,-0.6030163168907166,-0.7478131651878357,-0.4564608037471771,-0.48209860920906067,-0.6571159362792969,0.40527328848838806,0.6355723738670349
300,1648716564.8851905,41.626502990722656,-55.576412200927734,1610.218017578125,0.998834490776062,-0.044987328350543976,0.01748732663691044,0.04822837561368942,0.9446543455123901,-0.3245030641555786,-0.0019209518795832992,0.32496824860572815,0.9457229971885681
4,1648716564.8852172,-262.3428649902344,-45.1190299987793,1570.4658203125,-0.05627637356519699,-0.9941712617874146,0.09195902198553085,-0.718567430973053,0.10427676141262054,0.6875952482223511,-0.6931766271591187,-0.027383388951420784,-0.7202473878860474
410,1648716564.8852355,-247.3283233642578,-211.7892608642578,1410.4251708984375,-0.09172087162733078,0.7918871641159058,-0.6037399768829346,-0.7489908933639526,-0.4543987512588501,-0.48221826553344727,-0.656201183795929,0.4079662561416626,0.6347941160202026
300,1648716564.9194036,41.63986587524414,-55.5715217590332,1610.2138671875,0.998823881149292,-0.044959355145692825,0.018152466043829918,0.048416346311569214,0.9448646306991577,-0.32386213541030884,-0.002590990625321865,0.32436010241508484,0.9459301233291626
4,1648716564.9194317,-262.322265625,-45.14591598510742,1570.4681396484375,-0.05590232461690903,-0.9941746592521667,0.09215058386325836,-0.7189309000968933,0.10412587225437164,0.6872380971908569,-0.6928299069404602,-0.02783169411122799,-0.7205637097358704
410,1648716564.9194512,-248.1477508544922,-211.510009765625,1410.5264892578125,-0.08298564702272415,0.7909616827964783,-0.6062120199203491,-0.7504966259002686,-0.44981804490089417,-0.4841678738594055,-0.6556433439254761,0.4147810935974121,0.6309425234794617
300,1648716564.968391,41.63005065917969,-55.570831298828125,1610.2181396484375,0.9988225698471069,-0.04486825317144394,0.018448779359459877,0.048427216708660126,0.9447593092918396,-0.3241676986217499,-0.002884817775338888,0.3246794044971466,0.9458197355270386
4,1648716564.9684181,-262.3132629394531,-45.13653564453125,1570.4649658203125,-0.055949922651052475,-0.9942803382873535,0.09097397327423096,-0.7188745737075806,0.10334890335798264,0.687414288520813,-0.6928845643997192,-0.026938093826174736,-0.7205451726913452
410,1648716564.968438,-249.4379425048828,-210.91287231445312,1410.6805419921875,-0.07442210614681244,0.7906016707420349,-0.6077913641929626,-0.7539128065109253,-0.44354870915412903,-0.48464423418045044,-0.6527456045150757,0.42215344309806824,0.6290545463562012
300,1648716565.0173829,41.62589645385742,-55.5687255859375,1610.18896484375,0.9988299012184143,-0.04488945007324219,0.01799335703253746,0.04829912632703781,0.9448018074035645,-0.3240627944469452,-0.002453156281262636,0.3245526850223541,0.9458644390106201
4,1648716565.0174103,-262.29278564453125,-45.10194396972656,1570.4803466796875,-0.05617295950651169,-0.9942151308059692,0.0915469080209732,-0.7185674905776978,0.10391740500926971,0.6876495480537415,-0.6931849718093872,-0.027155322954058647,-0.7202480435371399
410,1648716565.0174277,-249.9208984375,-209.7610626220703,1411.2904052734375,-0.07523389905691147,0.7933740615844727,-0.6040673851966858,-0.7536140084266663,-0.4419381320476532,-0.4865763783454895,-0.6529974937438965,0.4186266362667084,0.6311465501785278
300,1648716565.0489924,41.623008728027344,-55.56396484375,1610.1572265625,0.9988349080085754,-0.04498095065355301,0.017480144277215004,0.0482194684445858,0.9447463154792786,-0.3242364525794983,-0.0019298390252515674,0.32470157742500305,0.9458145499229431
4,1648716565.0490184,-262.294677734375,-45.030853271484375,1570.46240234375,-0.056092843413352966,-0.994117796421051,0.0926467627286911,-0.7177917957305908,0.10465177148580551,0.6883479356765747,-0.6939945816993713,-0.027889691293239594,-0.7194398045539856
410,1648716565.049038,-249.75259399414062,-208.70233154296875,1411.8846435546875,-0.07685311883687973,0.7949958443641663,-0.6017268896102905,-0.753560483455658,-0.4414985179901123,-0.48705819249153137,-0.652870774269104,0.4160056412220001,0.6330079436302185
300,1648716565.0865564,41.60558319091797,-55.56916427612305,1610.1676025390625,0.9988325834274292,-0.044822465628385544,0.01801060326397419,0.04824124276638031,0.9448204636573792,-0.32401710748672485,-0.002493542153388262,0.3245076835155487,0.9458797574043274
4,1648716565.0865848,-262.3045959472656,-44.99873352050781,1570.435302734375,-0.0561845563352108,-0.9940348267555237,0.093477763235569,-0.7177208065986633,0.10529590398073196,0.6883237957954407,-0.6940606236457825,-0.028417766094207764,-0.7193554639816284
410,1648716565.086603,-249.05482482910156,-206.98910522460938,1413.4869384765625,-0.07817584276199341,0.7944654822349548,-0.6022566556930542,-0.7516870498657227,-0.4437980353832245,-0.4878625273704529,-0.6548702716827393,0.4145694971084595,0.6318837404251099
300,1648716565.135378,41.60855484008789,-55.56773376464844,1610.15234375,0.9988336563110352,-0.04497378692030907,0.01756807416677475,0.04824138432741165,0.9447229504585266,-0.32430127263069153,-0.002011906122788787,0.3247705399990082,0.945790708065033
4,1648716565.1354055,-262.3358154296875,-45.07008743286133,1570.50341796875,-0.056354086846113205,-0.9939880967140198,0.0938718244433403,-0.7185285091400146,0.10565707087516785,0.6874251961708069,-0.6932106614112854,-0.02871035970747471,-0.7201629877090454
410,1648716565.1354318,-248.06149291992188,-204.4128875732422,1416.338623046875,-0.07507237792015076,0.7936578989028931,-0.6037145853042603,-0.7503073215484619,-0.4437329173088074,-0.4900408089160919,-0.6568127870559692,0.4161829352378845,0.6287994384765625
300,1648716565.1864238,41.616458892822266,-55.57280349731445,1610.2052001953125,0.9988279342651367,-0.0448247529566288,0.01826247200369835,0.04832423850893974,0.944923460483551,-0.3237043023109436,-0.002746673533692956,0.3242073953151703,0.945982038974762
4,1648716565.186449,-262.4039611816406,-45.174190521240234,1570.603515625,-0.05657145380973816,-0.9940629005432129,0.09294406324625015,-0.718980073928833,0.10515342652797699,0.6870301365852356,-0.6927245855331421,-0.02795863337814808,-0.7206600904464722
410,1648716565.1864672,-247.0847625732422,-200.5336456298828,1418.9627685546875,-0.06888249516487122,0.7936908602714539,-0.6044088006019592,-0.7488258481025696,-0.4414466917514801,-0.4943528175354004,-0.6591776013374329,0.4185446798801422,0.624744176864624
300,1648716565.2193305,41.6158561706543,-55.573944091796875,1610.2017822265625,0.998828113079071,-0.044893231242895126,0.018084265291690826,0.04833175614476204,0.9448579549789429,-0.3238942325115204,-0.002546403557062149,0.32438868284225464,0.945920467376709
4,1648716565.2193708,-262.4161376953125,-45.23262405395508,1570.6041259765625,-0.05666474997997284,-0.9942031502723694,0.09137417376041412,-0.7193836569786072,0.10411985218524933,0.6867650151252747,-0.6922978162765503,-0.026817718520760536,-0.721113383769989
410,1648716565.2193902,-246.14749145507812,-197.75482177734375,1420.2364501953125,-0.06686799228191376,0.796049952507019,-0.6015256643295288,-0.747448205947876,-0.43932732939720154,-0.49830982089042664,-0.6609461903572083,0.4162883162498474,0.6243830919265747
300,1648716565.2537951,41.625308990478516,-55.57571792602539,1610.247802734375,0.9988288283348083,-0.044898148626089096,0.01803123578429222,0.048320528119802475,0.9446856379508972,-0.3243981897830963,-0.0024689720012247562,0.32488954067230225,0.9457487463951111
4,1648716565.2538226,-262.41229248046875,-45.305885314941406,1570.6617431640625,-0.05632539466023445,-0.9943162202835083,0.09034737199544907,-0.7196054458618164,0.10315792262554169,0.6866778135299683,-0.6920949220657349,-0.026337064802646637,-0.7213258147239685
410,1648716565.2538426,-245.1168975830078,-194.59483337402344,1421.9349365234375,-0.06294244527816772,0.797783613204956,-0.5996494889259338,-0.7458211183547974,-0.43684884905815125,-0.502905547618866,-0.6631659865379333,0.41557714343070984,0.6225001811981201
300,1648716565.3026557,41.63210678100586,-55.57919692993164,1610.2640380859375,0.9988278746604919,-0.04484379291534424,0.018217720091342926,0.04833029583096504,0.9446135759353638,-0.3246065676212311,-0.002652115887030959,0.32510656118392944,0.9456736445426941
4,1648716565.3026817,-262.391845703125,-45.35390853881836,1570.6737060546875,-0.05666893348097801,-0.994207501411438,0.0913238376379013,-0.7200219631195068,0.10406333953142166,0.6861043572425842,-0.6916335821151733,-0.026874367147684097,-0.721748411655426
410,1648716565.3026998,-243.85061645507812,-190.42630004882812,1424.317138671875,-0.05785632133483887,0.8004152774810791,-0.596647322177887,-0.7438969016075134,-0.43313807249069214,-0.5089290738105774,-0.6657853126525879,0.41439932584762573,0.6204861998558044
300,1648716565.3518782,41.624351501464844,-55.56988525390625,1610.2607421875,0.9988307952880859,-0.04491036757826805,0.01789032854139805,0.04828695207834244,0.9445964694023132,-0.3246627748012543,-0.0023184160236269236,0.3251470625400543,0.9456606507301331
4,1648716565.351906,-262.3369140625,-45.31626510620117,1570.6502685546875,-0.0563892163336277,-0.9940816760063171,0.09285396337509155,-0.7201258540153503,0.10491359978914261,0.6858657598495483,-0.691548228263855,-0.028191111981868744,-0.7217799425125122
410,1648716565.3519247,-243.09750366210938,-185.70115661621094,1427.3568115234375,-0.0532272569835186,0.8046262860298157,-0.5913910865783691,-0.7410984635353088,-0.42876264452934265,-0.5166581869125366,-0.6692831516265869,0.4107787013053894,0.6191291213035583
300,1648716565.3874404,41.6325569152832,-55.57313919067383,1610.260498046875,0.9988277554512024,-0.04477153718471527,0.018400751054286957,0.04831976443529129,0.9448075294494629,-0.3240431249141693,-0.002877259161323309,0.32455238699913025,0.9458633661270142
4,1648716565.387466,-262.3180236816406,-45.33842468261719,1570.660400390625,-0.0566115528345108,-0.9937509894371033,0.0961979404091835,-0.72024005651474,0.10737556964159012,0.6853646636009216,-0.6914111375808716,-0.030486056581139565,-0.7218180298805237
410,1648716565.3874834,-243.01547241210938,-182.18075561523438,1429.36376953125,-0.05213245004415512,0.8080744743347168,-0.5867689847946167,-0.7392080426216125,-0.4262888729572296,-0.5213916301727295,-0.6714563369750977,0.4065629243850708,0.6195586919784546
300,1648716565.421059,41.630836486816406,-55.56732940673828,1610.239013671875,0.998833417892456,-0.044895559549331665,0.017783192917704582,0.04823734983801842,0.944710373878479,-0.32433849573135376,-0.002238609129562974,0.3248179256916046,0.9457738995552063
4,1648716565.4210865,-262.3614501953125,-45.31503677368164,1570.6446533203125,-0.057771243155002594,-0.9937674403190613,0.09533511102199554,-0.7202025055885315,0.10761719197034836,0.6853662133216858,-0.6913543343544006,-0.02906612865626812,-0.721930980682373
410,1648716565.4211051,-243.21621704101562,-178.64456176757812,1431.2056884765625,-0.05258255824446678,0.8116663694381714,-0.5817497372627258,-0.7356252074241638,-0.42545413970947266,-0.5271094441413879,-0.6753448247909546,0.4002330005168915,0.6194537281990051
300,1648716565.4699056,41.620357513427734,-55.57478332519531,1610.24072265625,0.9988272786140442,-0.044893499463796616,0.018126841634511948,0.04834774136543274,0.9446147680282593,-0.3246004283428192,-0.0025504326913505793,0.32509616017341614,0.9456775188446045
4,1648716565.469933,-262.35345458984375,-45.27495574951172,1570.6195068359375,-0.057433515787124634,-0.9938576221466064,0.09459636360406876,-0.7198936939239502,0.10687729716300964,0.6858062744140625,-0.6917040348052979,-0.02871106192469597,-0.7216101884841919
410,1648716565.4699528,-243.35902404785156,-173.58656311035156,1434.3724365234375,-0.05405715852975845,0.8106159567832947,-0.5830777287483215,-0.7318004965782166,-0.42944860458374023,-0.5291898846626282,-0.6793716549873352,0.39809006452560425,0.6164239048957825
300,1648716565.5191033,41.628746032714844,-55.56913375854492,1610.232666015625,0.9988307952880859,-0.04488435760140419,0.017955468967556953,0.04828279837965965,0.9446972608566284,-0.32436996698379517,-0.0024033449590206146,0.3248576521873474,0.9457598924636841
4,1648716565.519157,-262.3916015625,-45.32944107055664,1570.644287109375,-0.05735955387353897,-0.9939234852790833,0.09394685178995132,-0.7202190160751343,0.10636252909898758,0.6855447292327881,-0.6913714408874512,-0.028339769691228867,-0.7219434976577759
410,1648716565.5191789,-243.20721435546875,-167.9478302001953,1438.271484375,-0.05841487646102905,0.8078179955482483,-0.5865302681922913,-0.7255895733833313,-0.4378845691680908,-0.5308265686035156,-0.6856437921524048,0.39457207918167114,0.6117233037948608
300,1648716565.5504708,41.62544250488281,-55.569549560546875,1610.2425537109375,0.9988279342651367,-0.044845014810562134,0.01821271888911724,0.048328697681427,0.9447513222694397,-0.324205607175827,-0.0026674848049879074,0.3247058093547821,0.9458112716674805
4,1648716565.5504968,-262.366455078125,-45.33679962158203,1570.66015625,-0.05727890878915787,-0.9939539432525635,0.09367357939481735,-0.7200663685798645,0.10612217336893082,0.6857422590255737,-0.691537082195282,-0.028172623366117477,-0.7217913866043091
410,1648716565.5505178,-242.94076538085938,-164.8167266845703,1440.5457763671875,-0.06160661578178406,0.8060657382011414,-0.5886107683181763,-0.7222370505332947,-0.4430388808250427,-0.5311216115951538,-0.6888964176177979,0.39239591360092163,0.609464704990387
300,1648716565.5882611,41.62425231933594,-55.57514953613281,1610.2318115234375,0.998828649520874,-0.04474027082324028,0.018427958711981773,0.0482991561293602,0.9447934627532959,-0.3240872025489807,-0.002910865470767021,0.32459762692451477,0.9458476901054382
4,1648716565.5882885,-262.26995849609375,-45.413726806640625,1570.5416259765625,-0.056028809398412704,-0.9937892556190491,0.09614411741495132,-0.7193282246589661,0.10695943236351013,0.6863866448402405,-0.6924071907997131,-0.03070174902677536,-0.7208534479141235
410,1648716565.5883067,-242.45849609375,-161.74185180664062,1442.71728515625,-0.06561250984668732,0.8015105724334717,-0.5943700671195984,-0.7191753387451172,-0.4509018659591675,-0.5286533236503601,-0.6917238235473633,0.39277005195617676,0.6060114502906799
300,1648716565.637282,41.63704299926758,-55.56798553466797,1610.23486328125,0.998830258846283,-0.0447390154004097,0.01834484189748764,0.048271529376506805,0.9447324275970459,-0.3242691457271576,-0.0028234850615262985,0.324775367975235,0.9457869529724121
4,1648716565.6373096,-262.2580871582031,-45.41737365722656,1570.412353515625,-0.05620678886771202,-0.9938486218452454,0.0954241156578064,-0.7193470001220703,0.10658930987119675,0.6864245533943176,-0.6923732757568359,-0.030061332508921623,-0.7209130525588989
410,1648716565.6373286,-242.68905639648438,-158.1595916748047,1444.86962890625,-0.0687079206109047,0.7967474460601807,-0.6003938317298889,-0.7151527404785156,-0.4589398503303528,-0.5271914005279541,-0.6955830454826355,0.39315104484558105,0.6013289093971252
300,1648716565.6880295,41.6264762878418,-55.57108688354492,1610.2335205078125,0.9988281726837158,-0.044843707233667374,0.018200691789388657,0.04832393303513527,0.9447053074836731,-0.3243403732776642,-0.0026496639475226402,0.32483986020088196,0.9457653164863586
4,1648716565.6880546,-262.25482177734375,-45.40651321411133,1570.412109375,-0.05611577257514,-0.9937939643859863,0.09604492783546448,-0.7189290523529053,0.10697106271982193,0.686802864074707,-0.6928145885467529,-0.030509013682603836,-0.7204700708389282
410,1648716565.6880722,-242.4899444580078,-156.09426879882812,1445.9569091796875,-0.0774294063448906,0.7858074307441711,-0.6136052012443542,-0.7123796939849854,-0.47418296337127686,-0.5173641443252563,-0.697509765625,0.39706072211265564,0.5965089797973633
300,1648716565.7209969,41.62519836425781,-55.5690803527832,1610.242919921875,0.9988309144973755,-0.0448974184691906,0.01791791059076786,0.04828250780701637,0.9447574019432068,-0.3241947293281555,-0.002372573595494032,0.3246808350086212,0.945820689201355
4,1648716565.721023,-262.33392333984375,-45.351722717285156,1570.3912353515625,-0.056593768298625946,-0.9939234256744385,0.09441081434488297,-0.7187883257865906,0.10619116574525833,0.6870711445808411,-0.6929216980934143,-0.028977446258068085,-0.720430314540863
410,1648716565.721042,-242.67337036132812,-155.65660095214844,1446.8096923828125,-0.08391240984201431,0.7741156220436096,-0.6274581551551819,-0.7108532786369324,-0.48777467012405396,-0.5067183375358582,-0.6983168125152588,0.403510719537735,0.5912129282951355
300,1648716565.7571383,41.6281623840332,-55.5723991394043,1610.2353515625,0.9988248944282532,-0.044757477939128876,0.018591439351439476,0.04836777225136757,0.9448668360710144,-0.3238629102706909,-0.0030711479485034943,0.324381560087204,0.9459213614463806
4,1648716565.7571633,-262.4173583984375,-45.25221633911133,1570.3045654296875,-0.057835403829813004,-0.9938873052597046,0.09403789788484573,-0.7182610630989075,0.10684704780578613,0.6875206828117371,-0.693365752696991,-0.027780726552009583,-0.7200500965118408
410,1648716565.757181,-242.4263153076172,-156.341552734375,1447.7025146484375,-0.0920121893286705,0.7513173818588257,-0.6534951329231262,-0.7108624577522278,-0.509125828742981,-0.48524782061576843,-0.6972863674163818,0.4198964536190033,0.5809291005134583
300,1648716565.8044345,41.6058235168457,-55.568626403808594,1610.2274169921875,0.9988376498222351,-0.044960055500268936,0.017376434057950974,0.04816683381795883,0.9446060061454773,-0.3246528208255768,-0.0018174744909629226,0.3251124322414398,0.9456736445426941
4,1648716565.8044624,-262.5223083496094,-45.08863830566406,1570.2156982421875,-0.058479562401771545,-0.9937400221824646,0.0951886922121048,-0.716905951499939,0.1081606075167656,0.6887286305427551,-0.6947128772735596,-0.027964795008301735,-0.7187433838844299
410,1648716565.8044813,-241.77503967285156,-157.50733947753906,1448.6026611328125,-0.10125096142292023,0.7216949462890625,-0.6847661733627319,-0.7106966972351074,-0.5341244339942932,-0.4578441381454468,-0.696174144744873,0.44030389189720154,0.5669868588447571
300,1648716565.8532724,41.60598373413086,-55.57411193847656,1610.227783203125,0.9988328814506531,-0.04479605704545975,0.018059855327010155,0.04823331907391548,0.9446837902069092,-0.32441648840904236,-0.002528273966163397,0.32490894198417664,0.9457418918609619
4,1648716565.8532996,-262.7803955078125,-44.950355529785156,1570.177490234375,-0.060234032571315765,-0.9937295913696289,0.09419833868741989,-0.7158074378967285,0.10877357423305511,0.6897739171981812,-0.6956950426101685,-0.025880005210638046,-0.7178708910942078
410,1648716565.8533196,-241.42654418945312,-157.85609436035156,1449.2791748046875,-0.10780785977840424,0.6969324350357056,-0.7089870572090149,-0.707649290561676,-0.5546951293945312,-0.43765944242477417,-0.6982907652854919,0.4545310437679291,0.5529842376708984
300,1648716565.888417,41.60346984863281,-55.57052230834961,1610.24609375,0.9988352656364441,-0.044796716421842575,0.017925500869750977,0.04819094017148018,0.9445971250534058,-0.3246750235557556,-0.0023880016524344683,0.3251607120037079,0.9456557631492615
4,1648716565.8884425,-262.8235168457031,-44.880252838134766,1570.1590576171875,-0.060231201350688934,-0.993921160697937,0.09215736389160156,-0.7150444984436035,0.10738144814968109,0.6907826066017151,-0.6964794397354126,-0.024289947003126144,-0.7171655297279358
410,1648716565.8884614,-240.67764282226562,-157.72840881347656,1449.8026123046875,-0.10997665673494339,0.68105548620224,-0.723925769329071,-0.7062510251998901,-0.5660344362258911,-0.42522281408309937,-0.6993672847747803,0.4645087718963623,0.5432467460632324
300,1648716565.9225383,41.60536575317383,-55.57273483276367,1610.254638671875,0.9988309144973755,-0.044713009148836136,0.018372196704149246,0.048256296664476395,0.9446787238121033,-0.32442787289619446,-0.002849676413461566,0.3249351680278778,0.9457319974899292
4,1648716565.9225662,-262.88372802734375,-44.83551025390625,1570.132568359375,-0.05999944359064102,-0.9941849112510681,0.089422807097435,-0.7143445014953613,0.10533737391233444,0.6918207406997681,-0.6972173452377319,-0.022369829937815666,-0.7165107131004333
410,1648716565.9225848,-239.75723266601562,-157.85589599609375,1450.419677734375,-0.10915815085172653,0.6676697731018066,-0.7364112734794617,-0.7060732841491699,-0.5735423564910889,-0.41534289717674255,-0.6996749639511108,0.47462227940559387,0.5340306162834167
300,1648716565.9716609,41.60808181762695,-55.57276916503906,1610.25146484375,0.9988356232643127,-0.044795915484428406,0.017909683287143707,0.04818366467952728,0.9447847008705139,-0.3241298198699951,-0.0024011023342609406,0.32461535930633545,0.9458430409431458
4,1648716565.9716892,-262.8834228515625,-44.774967193603516,1570.0927734375,-0.05980300530791283,-0.9943181276321411,0.08806277066469193,-0.7142490744590759,0.1042533740401268,0.692083477973938,-0.697331964969635,-0.021510079503059387,-0.7164254784584045
410,1648716565.9717104,-237.78456115722656,-159.29547119140625,1452.02392578125,-0.10558034479618073,0.6400488018989563,-0.7610455751419067,-0.7099099159240723,-0.5844297409057617,-0.3930264115333557,-0.6963337659835815,0.49877792596817017,0.5160812735557556
300,1648716566.0063226,41.60386657714844,-55.569549560546875,1610.2337646484375,0.9988357424736023,-0.04482574760913849,0.017826665192842484,0.04818408563733101,0.9449028968811035,-0.32378506660461426,-0.0023305597715079784,0.32426705956459045,0.9459627270698547
4,1648716566.0063488,-262.89691162109375,-44.75879669189453,1570.0625,-0.05956735461950302,-0.9943100810050964,0.0883132815361023,-0.7141323685646057,0.10426289588212967,0.6922024488449097,-0.6974716186523438,-0.021834703162312508,-0.7162796854972839
410,1648716566.0063672,-235.99639892578125,-160.88380432128906,1453.587890625,-0.10100246965885162,0.6144821643829346,-0.7824386358261108,-0.7145246863365173,-0.5920536518096924,-0.37272909283638,-0.6922810077667236,0.5214251279830933,0.49886155128479004
300,1648716566.0407567,41.60195541381836,-55.57386016845703,1610.2623291015625,0.9988277554512024,-0.04468468949198723,0.018610483035445213,0.0483037605881691,0.9450083374977112,-0.3234594762325287,-0.0031333747319877148,0.3239792585372925,0.946058988571167
4,1648716566.0407832,-262.8334045410156,-44.693843841552734,1570.0147705078125,-0.05885337293148041,-0.9943661093711853,0.0881609097123146,-0.7138498425483704,0.1036553755402565,0.6925849914550781,-0.6978213787078857,-0.022172685712575912,-0.7159285545349121
410,1648716566.0408015,-234.3049774169922,-162.07289123535156,1454.897216796875,-0.09634236246347427,0.5928906202316284,-0.7994991540908813,-0.7176269888877869,-0.5979813933372498,-0.3569730818271637,-0.6897315979003906,0.5393505096435547,0.4830852448940277
300,1648716566.0915945,41.603736877441406,-55.574283599853516,1610.2452392578125,0.9988317489624023,-0.04475411772727966,0.018227247521281242,0.048247773200273514,0.944715678691864,-0.32432153820991516,-0.0027048431802541018,0.3248220682144165,0.9457712769508362
4,1648716566.091619,-262.829345703125,-44.6497917175293,1569.98974609375,-0.058362822979688644,-0.9945357441902161,0.08655916899442673,-0.7133859395980835,0.10220328718423843,0.693278431892395,-0.6983367800712585,-0.02128840610384941,-0.7154526710510254
410,1648716566.0916376,-232.77174377441406,-162.58120727539062,1455.9063720703125,-0.09050841629505157,0.576128363609314,-0.8123326301574707,-0.7188717722892761,-0.6022993922233582,-0.3470718562602997,-0.6892253756523132,0.5525500774383545,0.46867555379867554
300,1648716566.1244867,41.60603332519531,-55.57197189331055,1610.24658203125,0.9988366365432739,-0.04491006210446358,0.01756306365132332,0.048178885132074356,0.9448216557502747,-0.32402294874191284,-0.0020420707296580076,0.3244921565055847,0.9458861947059631
4,1648716566.1245136,-262.7081298828125,-44.63896179199219,1569.960693359375,-0.05737435817718506,-0.9945641160011292,0.08689325302839279,-0.7139485478401184,0.10171238332986832,0.6927712559700012,-0.6978435516357422,-0.022290004417300224,-0.7159032821655273
410,1648716566.1245317,-232.4721221923828,-161.0669708251953,1455.3514404296875,-0.08700661361217499,0.5861495137214661,-0.8055176138877869,-0.7140769958496094,-0.6005073189735413,-0.3598402738571167,-0.6946393847465515,0.5438930988311768,0.47080400586128235
300,1648716566.1584349,41.60718536376953,-55.56973648071289,1610.2421875,0.9988351464271545,-0.04490133374929428,0.01766936480998993,0.048205822706222534,0.9447140693664551,-0.3243323564529419,-0.0021295424085110426,0.3248063027858734,0.9457781314849854
4,1648716566.1584618,-262.7404479980469,-44.65378189086914,1569.8773193359375,-0.05684417858719826,-0.9947542548179626,0.08504509180784225,-0.7128806710243225,0.10007855296134949,0.6941076517105103,-0.6989777088165283,-0.021171029657125473,-0.7148299813270569
410,1648716566.1584811,-232.96922302246094,-158.348876953125,1453.89404296875,-0.08413052558898926,0.6096677780151367,-0.7881796956062317,-0.7066225409507751,-0.5942021608352661,-0.384198397397995,-0.702571451663971,0.5246227383613586,0.4807955324649811
300,1648716566.2079356,41.59839630126953,-55.57286071777344,1610.2550048828125,0.9988350868225098,-0.04475608095526695,0.018038686364889145,0.04818926379084587,0.944604218006134,-0.3246546983718872,-0.002509147161617875,0.32514578104019165,0.9456605911254883
4,1648716566.2079625,-262.876953125,-44.7330207824707,1569.465576171875,-0.05661775544285774,-0.9951275587081909,0.08071936666965485,-0.7115412950515747,0.09693288058042526,0.6959260106086731,-0.7003595232963562,-0.01803339645266533,-0.7135624289512634
410,1648716566.20798,-234.78488159179688,-153.280517578125,1451.3502197265625,-0.08054628223180771,0.6596775054931641,-0.7472200989723206,-0.6937552094459534,-0.5753751993179321,-0.4331825077533722,-0.7156926989555359,0.48349660634994507,0.5039990544319153
300,1648716566.257297,41.59035873413086,-55.56715774536133,1610.232421875,0.9988377690315247,-0.04481861740350723,0.017732275649905205,0.04814765229821205,0.9447712302207947,-0.32417458295822144,-0.0022238881792873144,0.3246515691280365,0.9458310604095459
4,1648716566.2573242,-262.7688903808594,-45.117977142333984,1568.7677001953125,-0.05529464781284332,-0.9948197603225708,0.08530017733573914,-0.709461510181427,0.09925917536020279,0.697719156742096,-0.7025716304779053,-0.021937059238553047,-0.7112748026847839
410,1648716566.257343,-237.23703002929688,-147.42025756835938,1450.2384033203125,-0.08031764626502991,0.71294766664505,-0.6966022253036499,-0.68137526512146,-0.5493488907814026,-0.48367711901664734,-0.7275141477584839,0.4357997179031372,0.5299073457717896
300,1648716566.306603,41.61433792114258,-55.56918716430664,1610.2237548828125,0.9988360404968262,-0.04486823454499245,0.01770308054983616,0.04818588122725487,0.9446530342102051,-0.3245130479335785,-0.00216294196434319,0.32498836517333984,0.9457155466079712
4,1648716566.3066297,-262.61151123046875,-44.986244201660156,1568.64794921875,-0.055566538125276566,-0.9948465824127197,0.08480966836214066,-0.7092568278312683,0.09911444038152695,0.6979477405548096,-0.7027568221092224,-0.021369293332099915,-0.7111091613769531
410,1648716566.3066468,-239.45693969726562,-145.61346435546875,1450.145263671875,-0.0850755050778389,0.7398004531860352,-0.6674259901046753,-0.6824516654014587,-0.5313248038291931,-0.5019499063491821,-0.72596275806427,0.41278234124183655,0.5500807762145996
300,1648716566.3559947,41.5869026184082,-55.56857681274414,1610.2314453125,0.9988380670547485,-0.04490875080227852,0.01748485118150711,0.04815375804901123,0.944574236869812,-0.3247472047805786,-0.0019317480036988854,0.3252118229866028,0.9456391930580139
4,1648716566.3560224,-262.7550964355469,-45.1138801574707,1568.7564697265625,-0.05632889270782471,-0.9945359230041504,0.08789406716823578,-0.7097955942153931,0.10180152952671051,0.697012722492218,-0.702151894569397,-0.02312486805021763,-0.7116515636444092
410,1648716566.3560407,-241.0056915283203,-145.31539916992188,1450.302490234375,-0.0930025652050972,0.7443124055862427,-0.661324143409729,-0.6814315319061279,-0.5318584442138672,-0.5027700066566467,-0.7259487509727478,0.40388819575309753,0.5566620826721191
300,1648716566.3905752,41.58234405517578,-55.57450866699219,1610.2261962890625,0.998835563659668,-0.0447922982275486,0.01791970618069172,0.04818380996584892,0.9447422623634338,-0.32425355911254883,-0.002405440201982856,0.3247394561767578,0.9458004832267761
4,1648716566.3906007,-262.9719543457031,-45.14500045776367,1568.7733154296875,-0.05952784791588783,-0.9943814873695374,0.08753218501806259,-0.7102281451225281,0.10380813479423523,0.6962757110595703,-0.7014502286911011,-0.020720023661851883,-0.7124171853065491
410,1648716566.3906322,-243.18450927734375,-144.6826934814453,1449.817626953125,-0.10332673043012619,0.753335177898407,-0.6494687795639038,-0.6795884370803833,-0.5302565693855286,-0.5069394111633301,-0.7262803316116333,0.3889910578727722,0.5667475461959839
300,1648716566.4286175,41.59952163696289,-55.574798583984375,1610.2498779296875,0.9988390207290649,-0.044728342443704605,0.01788736879825592,0.04811079800128937,0.9450167417526245,-0.3234636187553406,-0.002435871632769704,0.3239486515522003,0.9460715055465698
4,1648716566.4286447,-263.0750732421875,-45.108638763427734,1568.7950439453125,-0.060717299580574036,-0.9941381812095642,0.08945789933204651,-0.7097676992416382,0.10601622611284256,0.6964125037193298,-0.7018142342567444,-0.021210037171840668,-0.7120441794395447
410,1648716566.428663,-244.98924255371094,-144.4334716796875,1449.713134765625,-0.11222435534000397,0.7597385048866272,-0.6404709815979004,-0.6793939471244812,-0.529020369052887,-0.5084892511367798,-0.7251411080360413,0.3780671954154968,0.5755307078361511
300,1648716566.47968,41.58268737792969,-55.56853485107422,1610.247314453125,0.9988362193107605,-0.044691357761621475,0.01813516393303871,0.048159047961235046,0.9446523785591125,-0.32451891899108887,-0.002628234913572669,0.3250146210193634,0.9457053542137146
4,1648716566.4797049,-263.2349548339844,-45.13872146606445,1568.8189697265625,-0.06226804107427597,-0.9939359426498413,0.09063121676445007,-0.710098385810852,0.10793041437864304,0.6957811117172241,-0.7013437151908875,-0.021032150834798813,-0.7125129103660583
410,1648716566.4797223,-246.26866149902344,-144.54713439941406,1450.20703125,-0.11852549016475677,0.7639350891113281,-0.6343144774436951,-0.6826445460319519,-0.5265962481498718,-0.506648600101471,-0.7210742831230164,0.37296053767204285,0.5839111804962158
300,1648716566.5272057,41.58047103881836,-55.56754684448242,1610.273681640625,0.9988378882408142,-0.04474572464823723,0.017907069995999336,0.048136286437511444,0.9446596503257751,-0.3245012164115906,-0.002396044321358204,0.3249861001968384,0.9457157850265503
4,1648716566.5272353,-263.2970886230469,-45.22163772583008,1568.8843994140625,-0.06304285675287247,-0.9937792420387268,0.0918063074350357,-0.7105854749679565,0.10928913205862045,0.6950713396072388,-0.7007809281349182,-0.02141694352030754,-0.7130550146102905
410,1648716566.5272543,-246.587890625,-144.89353942871094,1451.021484375,-0.11972235888242722,0.7666677832603455,-0.6307829022407532,-0.6879532337188721,-0.5221515893936157,-0.5040615200996399,-0.7158120274543762,0.3736017346382141,0.5899447798728943
300,1648716566.5765467,41.596744537353516,-55.56565856933594,1610.2786865234375,0.9988361597061157,-0.04482636600732803,0.01780078001320362,0.04817679524421692,0.9448299407958984,-0.3239990174770355,-0.0022950111888349056,0.32447952032089233,0.945889949798584
4,1648716566.5765731,-263.36627197265625,-45.31502914428711,1568.865478515625,-0.06329438835382462,-0.9940016865730286,0.08918757736682892,-0.7116324305534363,0.10760735720396042,0.6942621469497681,-0.6996949911117554,-0.01952587440609932,-0.7141748070716858
410,1648716566.5765927,-246.06466674804688,-146.3614501953125,1452.6070556640625,-0.11758499592542648,0.761933445930481,-0.636891782283783,-0.6968233585357666,-0.5202484130859375,-0.49373963475227356,-0.7075386643409729,0.38574469089508057,0.5921064615249634
300,1648716566.625845,41.58025360107422,-55.56981658935547,1610.232666015625,0.998837947845459,-0.04479396715760231,0.017783883959054947,0.048141323029994965,0.9447386860847473,-0.3242702782154083,-0.0022757709957659245,0.32474958896636963,0.945797324180603
4,1648716566.6258726,-263.47723388671875,-45.48079299926758,1568.9556884765625,-0.06399352103471756,-0.9941167831420898,0.08738786727190018,-0.7132185101509094,0.10680823773145676,0.6927563548088074,-0.698014497756958,-0.017994726076722145,-0.7158575057983398
410,1648716566.6258907,-244.86717224121094,-147.55874633789062,1454.4720458984375,-0.11394499987363815,0.7525143623352051,-0.6486436724662781,-0.7043100595474243,-0.5216611623764038,-0.48147377371788025,-0.7006881833076477,0.40198472142219543,0.589444100856781
300,1648716566.675117,41.594886779785156,-55.57514572143555,1610.2515869140625,0.9988347887992859,-0.04472365230321884,0.018135294318199158,0.04818917065858841,0.9447081685066223,-0.32435208559036255,-0.002626351546496153,0.32484808564186096,0.945762574672699
4,1648716566.6751695,-263.5660400390625,-45.56950378417969,1569.0224609375,-0.0650811567902565,-0.9938905239105225,0.08914049714803696,-0.7136846780776978,0.10879436135292053,0.691966712474823,-0.6974371671676636,-0.01858421042561531,-0.716404914855957
410,1648716566.6751895,-243.53956604003906,-146.6501922607422,1456.6806640625,-0.10676433891057968,0.7445399761199951,-0.6589852571487427,-0.7079602479934692,-0.5222905874252319,-0.47539961338043213,-0.6981358528137207,0.41577965021133423,0.5828667283058167
300,1648716566.7245896,41.585960388183594,-55.576717376708984,1610.2532958984375,0.9988391399383545,-0.044689007103443146,0.017979945987462997,0.048104893416166306,0.9448477625846863,-0.32395780086517334,-0.002510958816856146,0.3244466483592987,0.9459006786346436
4,1648716566.724617,-263.5389404296875,-45.6801643371582,1569.0693359375,-0.0657963752746582,-0.9937248826026917,0.0904524102807045,-0.7143908143043518,0.11019981652498245,0.6910150647163391,-0.6966466903686523,-0.0191520843654871,-0.7171586751937866
410,1648716566.7246358,-241.66177368164062,-143.59205627441406,1460.5736083984375,-0.09624340385198593,0.74189692735672,-0.6635708212852478,-0.7091641426086426,-0.5189095139503479,-0.47730401158332825,-0.698443591594696,0.42464324831962585,0.5760682821273804
300,1648716566.7739236,41.5912971496582,-55.57493591308594,1610.22607421875,0.9988402128219604,-0.044711604714393616,0.017864692956209183,0.04809011518955231,0.9446795582771301,-0.3244500458240509,-0.0023697265423834324,0.32493287324905396,0.9457340836524963
4,1648716566.773951,-263.3778991699219,-45.86360168457031,1569.1754150390625,-0.06319193542003632,-0.9939621686935425,0.0896996334195137,-0.715828001499176,0.1077699363231659,0.6899100542068481,-0.6954114437103271,-0.02061275765299797,-0.7183161377906799
410,1648716566.7739694,-239.36428833007812,-141.04734802246094,1464.2291259765625,-0.08654429763555527,0.7359495759010315,-0.6714821457862854,-0.7103131413459778,-0.518183171749115,-0.47638368606567383,-0.6985451579093933,0.4357343018054962,0.5676004886627197
300,1648716566.8230243,41.605873107910156,-55.5748405456543,1610.2393798828125,0.9988400936126709,-0.04474015533924103,0.017798641696572304,0.04809543862938881,0.944709837436676,-0.3243612051010132,-0.002302580513060093,0.3248409926891327,0.9457658529281616
4,1648716566.823051,-263.21142578125,-45.94170379638672,1569.2315673828125,-0.062317539006471634,-0.9939796328544617,0.09011667966842651,-0.7157883048057556,0.10743379592895508,0.6900036931037903,-0.6955311894416809,-0.02150513418018818,-0.7181740403175354
410,1648716566.823069,-237.64306640625,-139.34683227539062,1465.9459228515625,-0.08144296705722809,0.7289780378341675,-0.6796749830245972,-0.7089961171150208,-0.5216614603996277,-0.4745459258556366,-0.7004938125610352,0.4432384967803955,0.5593281984329224
300,1648716566.8550382,41.59428405761719,-55.57696533203125,1610.24658203125,0.9988343715667725,-0.04465234652161598,0.01833171769976616,0.04818497598171234,0.9447730779647827,-0.324163556098938,-0.00284465029835701,0.3246690034866333,0.9458234310150146
4,1648716566.8550632,-263.2752380371094,-45.91835403442383,1569.2135009765625,-0.061847079545259476,-0.994223952293396,0.08771328628063202,-0.7153115272521973,0.10544173419475555,0.6908049583435059,-0.6960634589195251,-0.020018059760332108,-0.7177011370658875
410,1648716566.8550818,-237.69512939453125,-138.5516815185547,1465.904052734375,-0.07983146607875824,0.7308560013771057,-0.6778469085693359,-0.7066550254821777,-0.5211046934127808,-0.47863200306892395,-0.7030403017997742,0.4407940208911896,0.5580636262893677
300,1648716566.8956277,41.59309768676758,-55.57292938232422,1610.2464599609375,0.9988289475440979,-0.044884394854307175,0.01805769093334675,0.0483156256377697,0.9447490572929382,-0.32421407103538513,-0.002507835393771529,0.32470688223838806,0.94581139087677
4,1648716566.8956542,-263.3506774902344,-45.896915435791016,1569.1907958984375,-0.06183198094367981,-0.9942781329154968,0.08710820972919464,-0.7153757810592651,0.10500868409872055,0.6908043622970581,-0.6959987878799438,-0.019601302221417427,-0.7177754044532776
410,1648716566.8956726,-238.25857543945312,-137.88816833496094,1465.5123291015625,-0.08206239342689514,0.7350802421569824,-0.672995388507843,-0.7041851282119751,-0.5206196308135986,-0.4827820360660553,-0.7052581906318665,0.43429508805274963,0.5603558421134949
300,1648716566.9447122,41.6002197265625,-55.566810607910156,1610.23681640625,0.9988325238227844,-0.044779419898986816,0.01812046766281128,0.04823585972189903,0.9448602199554443,-0.3239019811153412,-0.002617165446281433,0.32439789175987244,0.9459170699119568
4,1648716566.9447396,-263.3548889160156,-45.905052185058594,1569.2032470703125,-0.06208878383040428,-0.9941763877868652,0.0880814865231514,-0.7153847813606262,0.10586860030889511,0.6906638145446777,-0.6959666609764099,-0.020129676908254623,-0.7177918553352356
410,1648716566.944774,-239.0065460205078,-137.45803833007812,1465.3154296875,-0.08566286414861679,0.7374356985092163,-0.669963002204895,-0.7024077773094177,-0.5215958952903748,-0.48431503772735596,-0.7066012024879456,0.4290994107723236,0.5626619458198547
300,1648716566.9786768,41.58779525756836,-55.57574462890625,1610.2542724609375,0.9988412857055664,-0.04477011039853096,0.017656372860074043,0.0480777882039547,0.9446752667427063,-0.32446449995040894,-0.0021532271057367325,0.3249374032020569,0.9457330703735352
4,1648716566.9787016,-263.4345703125,-45.93783187866211,1569.226806640625,-0.0631464496254921,-0.9941479563713074,0.08764925599098206,-0.7158782482147217,0.10631266981363297,0.6900839805603027,-0.6953638195991516,-0.019169846549630165,-0.7184022068977356
410,1648716566.9787195,-239.79190063476562,-136.9003448486328,1465.1158447265625,-0.08756362646818161,0.7405422925949097,-0.6662805080413818,-0.699299693107605,-0.5220379829406738,-0.48831984400749207,-0.7094452381134033,0.42317071557044983,0.5635725259780884
300,1648716567.0139303,41.578739166259766,-55.56937789916992,1610.2271728515625,0.9988380670547485,-0.04483862593770027,0.017664821818470955,0.04814489930868149,0.9447377324104309,-0.3242725431919098,-0.0021486878395080566,0.3247462213039398,0.9457987546920776
4,1648716567.0139563,-263.53057861328125,-45.949703216552734,1569.23388671875,-0.06384051591157913,-0.9941179156303406,0.0874871164560318,-0.7158837914466858,0.10669776052236557,0.6900188326835632,-0.6952947974205017,-0.018579449504613876,-0.7184845209121704
410,1648716567.0139754,-240.32716369628906,-135.9452667236328,1464.63134765625,-0.09094572067260742,0.7427101731300354,-0.6634082198143005,-0.6954560875892639,-0.5241818428039551,-0.4915020167827606,-0.7127901315689087,0.4166712462902069,0.5641944408416748
300,1648716567.0633438,41.60210418701172,-55.57960891723633,1610.239501953125,0.998834490776062,-0.04480179026722908,0.017957475036382675,0.04820322245359421,0.944983184337616,-0.32354792952537537,-0.002473984844982624,0.3240364193916321,0.9460413455963135
4,1648716567.063373,-263.5999450683594,-45.9398078918457,1569.2008056640625,-0.06432150304317474,-0.9942989945411682,0.08504298329353333,-0.716006875038147,0.1053433045744896,0.6900992393493652,-0.6951236724853516,-0.016503138467669487,-0.7187007069587708
410,1648716567.0633943,-240.4383544921875,-135.12322998046875,1464.4444580078125,-0.09166686981916428,0.743080735206604,-0.6628938317298889,-0.6905567049980164,-0.5270571112632751,-0.4953203499317169,-0.7174459099769592,0.4123612940311432,0.5614530444145203
300,1648716567.0983834,41.594383239746094,-55.571231842041016,1610.2166748046875,0.9988390207290649,-0.044825389981269836,0.01764395646750927,0.04812540486454964,0.9447693824768066,-0.3241831660270691,-0.0021378323435783386,0.3246559202671051,0.9458297491073608
4,1648716567.09841,-263.95001220703125,-45.98728942871094,1569.2535400390625,-0.06658876687288284,-0.9942559599876404,0.08379124850034714,-0.7153670191764832,0.10611488670110703,0.690644383430481,-0.6955687999725342,-0.013952335342764854,-0.7183240056037903
410,1648716567.098428,-240.78781127929688,-134.56021118164062,1464.310302734375,-0.08903426676988602,0.7423125505447388,-0.6641121506690979,-0.68609219789505,-0.5290580987930298,-0.4993745982646942,-0.7220459580421448,0.4111807346343994,0.5563991665840149
300,1648716567.1324801,41.565242767333984,-55.57691955566406,1610.240966796875,0.998836100101471,-0.044776007533073425,0.01793227531015873,0.04817113280296326,0.9449229836463928,-0.3237285017967224,-0.002449348336085677,0.32421553134918213,0.9459800720214844
4,1648716567.1325073,-264.1537780761719,-45.964569091796875,1569.2451171875,-0.06837352365255356,-0.9940995573997498,0.08420870453119278,-0.7152782678604126,0.10768701136112213,0.6904929876327515,-0.6954869627952576,-0.013021215796470642,-0.7184207439422607
410,1648716567.1325257,-240.5397186279297,-134.50741577148438,1463.794677734375,-0.08406536281108856,0.7397238612174988,-0.6676388382911682,-0.6828727126121521,-0.5307101607322693,-0.5020274519920349,-0.725684404373169,0.41370919346809387,0.5497515797615051
300,1648716567.1832905,41.59379196166992,-55.576438903808594,1610.2183837890625,0.9988365173339844,-0.04480390250682831,0.017838045954704285,0.04816913977265358,0.9446205496788025,-0.3246101140975952,-0.0023063854314386845,0.3250916600227356,0.9456797242164612
4,1648716567.1833153,-263.96514892578125,-45.93444061279297,1569.2080078125,-0.06734932959079742,-0.9939966797828674,0.08622458577156067,-0.7150339484214783,0.10835780203342438,0.6906409859657288,-0.6958379745483398,-0.015139301307499409,-0.7180392146110535
410,1648716567.1833334,-239.60357666015625,-135.57879638671875,1462.056884765625,-0.07939188927412033,0.7349951863288879,-0.6734084486961365,-0.6798149347305298,-0.5339993238449097,-0.5026891231536865,-0.7290737628936768,0.4178837239742279,0.5420559644699097
300,1648716567.2305353,41.597373962402344,-55.57472229003906,1610.229248046875,0.9988365173339844,-0.04476262629032135,0.017942992970347404,0.04816380888223648,0.9446766972541809,-0.3244475722312927,-0.002427200321108103,0.32493430376052856,0.9457334876060486
4,1648716567.2305615,-264.0233459472656,-45.819305419921875,1569.16748046875,-0.06780537217855453,-0.9940624833106995,0.0851011648774147,-0.7143313884735107,0.10791831463575363,0.6914364099502563,-0.6965149641036987,-0.013907325454056263,-0.7174074649810791
410,1648716567.2305806,-239.70074462890625,-136.3193359375,1459.720947265625,-0.07982699573040009,0.7320465445518494,-0.6765615344047546,-0.6727796196937561,-0.540385901927948,-0.5053223371505737,-0.7355238199234009,0.41483843326568604,0.5356433391571045
300,1648716567.2646828,41.56779098510742,-55.5756950378418,1610.2371826171875,0.9988331198692322,-0.04464585334062576,0.018416432663798332,0.048204582184553146,0.9449658393859863,-0.3235984146595001,-0.0029555722139775753,0.3241085410118103,0.9460152983665466
4,1648716567.264708,-264.0491027832031,-45.705142974853516,1569.087890625,-0.06720569729804993,-0.9943089485168457,0.08266270160675049,-0.7137384414672852,0.1058030053973198,0.6923750042915344,-0.6971806287765503,-0.012467998079955578,-0.7167870402336121
410,1648716567.2647257,-239.7671356201172,-137.36708068847656,1458.2333984375,-0.08157684653997421,0.7277880907058716,-0.6809329986572266,-0.6699128150939941,-0.5458967089653015,-0.5032033324241638,-0.737944483757019,0.41511598229408264,0.5320870876312256
300,1648716567.2996693,41.58195495605469,-55.57469177246094,1610.234130859375,0.9988387227058411,-0.04480522871017456,0.01771238073706627,0.04812803864479065,0.9448440670967102,-0.3239651620388031,-0.0022201042156666517,0.32444140315055847,0.9459031820297241
4,1648716567.2996964,-264.010986328125,-45.66130828857422,1569.096435546875,-0.0671810656785965,-0.994251549243927,0.08336995542049408,-0.7130128741264343,0.10629130899906158,0.6930474638938904,-0.6979250311851501,-0.012884181924164295,-0.7160549163818359
410,1648716567.2997153,-239.6518096923828,-137.42893981933594,1457.7894287109375,-0.0819229781627655,0.7261571288108826,-0.6826305389404297,-0.667563796043396,-0.5485626459121704,-0.5034258365631104,-0.740031898021698,0.4144573211669922,0.5296961069107056
300,1648716567.3487172,41.60859680175781,-55.571388244628906,1610.248291015625,0.9988351464271545,-0.04483368992805481,0.01784157194197178,0.04819801077246666,0.9446818232536316,-0.32442745566368103,-0.002309329342097044,0.3249094486236572,0.9457423090934753
4,1648716567.348744,-263.6777038574219,-45.64558410644531,1569.098876953125,-0.06519664824008942,-0.9939777851104736,0.08807719498872757,-0.7132996916770935,0.10814641416072845,0.6924651265144348,-0.6978201866149902,-0.017679031938314438,-0.7160547971725464
410,1648716567.3487642,-238.50848388671875,-136.95156860351562,1458.5594482421875,-0.0829518735408783,0.7176939249038696,-0.6914002895355225,-0.6661216616630554,-0.5559593439102173,-0.4971832036972046,-0.7412158250808716,0.419314444065094,0.5241893529891968
300,1648716567.397577,41.57060241699219,-55.573089599609375,1610.24267578125,0.9988361597061157,-0.04485725238919258,0.01772400364279747,0.04818202555179596,0.9446932673454285,-0.324396550655365,-0.002192209241911769,0.3248730003833771,0.945755124092102
4,1648716567.397604,-263.7584228515625,-45.60469436645508,1569.091796875,-0.06540093570947647,-0.9939951300621033,0.08772916346788406,-0.7129021286964417,0.108059823513031,0.6928879022598267,-0.6982071995735168,-0.01722678914666176,-0.7156884670257568
410,1648716567.3976219,-238.45248413085938,-134.9151153564453,1460.203125,-0.08510760217905045,0.7134145498275757,-0.6955547332763672,-0.6624244451522827,-0.5619774460792542,-0.4953535795211792,-0.7442785501480103,0.418594092130661,0.5204117894172668
300,1648716567.4298556,41.58213806152344,-55.57731628417969,1610.265625,0.9988316893577576,-0.04468148574233055,0.018407151103019714,0.04823669046163559,0.944808304309845,-0.32405316829681396,-0.0029120519757270813,0.3245624899864197,0.9458597898483276
4,1648716567.4298813,-263.6893310546875,-45.51709747314453,1569.0478515625,-0.0651237741112709,-0.9940069317817688,0.08780167251825333,-0.7125290036201477,0.10792165249586105,0.6932930946350098,-0.6986138820648193,-0.017411373555660248,-0.7152870297431946
410,1648716567.4299,-238.17784118652344,-133.66653442382812,1461.5604248046875,-0.0863770991563797,0.7115139365196228,-0.6973427534103394,-0.6619957089424133,-0.5640751123428345,-0.4935392439365387,-0.744513750076294,0.41900742053985596,0.5197423100471497
300,1648716567.4686942,41.61052322387695,-55.57555389404297,1610.253662109375,0.9988382458686829,-0.04469290375709534,0.018020156770944595,0.0481233187019825,0.9446296691894531,-0.32459044456481934,-0.0025154841132462025,0.325080543756485,0.9456830024719238
4,1648716567.4687183,-263.5753479003906,-45.4383544921875,1568.97802734375,-0.06470206379890442,-0.9939553737640381,0.08869248628616333,-0.7123206853866577,0.1082473024725914,0.6934564113616943,-0.6988654136657715,-0.01830942928791046,-0.7150188088417053
410,1648716567.468736,-237.82965087890625,-132.44207763671875,1463.1201171875,-0.08783899992704391,0.7101577520370483,-0.698541522026062,-0.6640681624412537,-0.5644423961639404,-0.49032461643218994,-0.7424942851066589,0.4208095669746399,0.5211732387542725
300,1648716567.5160005,41.58054733276367,-55.57780456542969,1610.2508544921875,0.998837947845459,-0.04477270320057869,0.0178371649235487,0.048138801008462906,0.9446982741355896,-0.324388325214386,-0.0023269965313374996,0.3248700499534607,0.9457557797431946
4,1648716567.516028,-263.61083984375,-45.44919204711914,1568.9913330078125,-0.06551479548215866,-0.9938544631004333,0.08922488987445831,-0.7121272683143616,0.10920389741659164,0.693505048751831,-0.698986828327179,-0.018104637041687965,-0.714905321598053
410,1648716567.5160465,-237.95556640625,-132.67303466796875,1463.7618408203125,-0.0890953317284584,0.7078946828842163,-0.7006762027740479,-0.6671570539474487,-0.5647596716880798,-0.48574477434158325,-0.7395698428153992,0.4241834580898285,0.5225943922996521
300,1648716567.547825,41.56584167480469,-55.57574462890625,1610.240478515625,0.9988375902175903,-0.04476092755794525,0.017888015136122704,0.04814327508211136,0.9448216557502747,-0.32402822375297546,-0.002397181000560522,0.3245127499103546,0.945878267288208
4,1648716567.5478506,-263.7609558105469,-45.457035064697266,1569.0113525390625,-0.06694294512271881,-0.9936208724975586,0.09075337648391724,-0.7120082378387451,0.1112927570939064,0.6932951807975769,-0.698972761631012,-0.018205933272838593,-0.7149165272712708
410,1648716567.5478702,-238.67572021484375,-132.53515625,1463.5948486328125,-0.09112632274627686,0.7104203701019287,-0.6978530287742615,-0.6669130921363831,-0.5639495253562927,-0.4870193302631378,-0.7395423650741577,0.4210270643234253,0.5251793265342712
300,1648716567.5849314,41.58731460571289,-55.571746826171875,1610.2589111328125,0.9988390207290649,-0.04478424787521362,0.017749013379216194,0.0481206439435482,0.9447631239891052,-0.32420220971107483,-0.002249461831524968,0.3246798813343048,0.9458212852478027
4,1648716567.5849576,-263.94073486328125,-45.42000961303711,1569.001953125,-0.069358691573143,-0.9932848215103149,0.09259915351867676,-0.7115173935890198,0.11431721597909927,0.6933069825172424,-0.6992369890213013,-0.01779904216527939,-0.714668333530426
410,1648716567.5849762,-239.68505859375,-132.34548950195312,1463.4619140625,-0.09276363253593445,0.7147735953330994,-0.6931765079498291,-0.6666218638420105,-0.5617082118988037,-0.4899991452693939,-0.7396013736724854,0.4166325330734253,0.5285897850990295
300,1648716567.6340694,41.57060623168945,-55.57278823852539,1610.223388671875,0.9988398551940918,-0.044774435460567474,0.017726313322782516,0.04810576140880585,0.9445037245750427,-0.32495924830436707,-0.002192701678723097,0.32543498277664185,0.9455618858337402
4,1648716567.6340969,-264.38043212890625,-45.435794830322266,1568.9736328125,-0.0743773952126503,-0.9925273060798645,0.09673433005809784,-0.7114919424057007,0.1207844614982605,0.6922357678413391,-0.6987468600273132,-0.017339009791612625,-0.7151588201522827
410,1648716567.6341157,-240.3296661376953,-132.8926544189453,1462.964111328125,-0.08781161904335022,0.7148468494415283,-0.6937456727027893,-0.6669527292251587,-0.5594877004623413,-0.49208498001098633,-0.7399075627326965,0.4194847643375397,0.5258985757827759
300,1648716567.6831543,41.56368637084961,-55.57680130004883,1610.23046875,0.9988348484039307,-0.04469386860728264,0.0182055551558733,0.048183634877204895,0.9447319507598877,-0.3242836594581604,-0.002705878112465143,0.3247830271720886,0.9457846879959106
4,1648716567.6831849,-264.0948181152344,-45.53659439086914,1568.9951171875,-0.07215982675552368,-0.9922572374343872,0.10108666867017746,-0.7119510173797607,0.1222231313586235,0.6915108561515808,-0.6985117793083191,-0.022069452330470085,-0.7152581214904785
410,1648716567.6832054,-239.7232666015625,-136.90916442871094,1459.3067626953125,-0.08441990613937378,0.7094482779502869,-0.6996830701828003,-0.6679539680480957,-0.5613503456115723,-0.488593190908432,-0.7393988966941833,0.42610910534858704,0.5212679505348206
300,1648716567.7190514,41.6077880859375,-55.57585906982422,1610.250244140625,0.9988337159156799,-0.044710513204336166,0.018226714804768562,0.04820498079061508,0.94488126039505,-0.32384517788887024,-0.0027427952736616135,0.3243460953235626,0.9459344744682312
4,1648716567.719077,-263.9335632324219,-45.518104553222656,1569.0076904296875,-0.0711093470454216,-0.9927124977111816,0.09729018807411194,-0.7118669152259827,0.11882951855659485,0.6921886205673218,-0.6987051963806152,-0.020036587491631508,-0.715129017829895
410,1648716567.7190952,-239.94639587402344,-140.84564208984375,1454.8564453125,-0.0844007059931755,0.7095968127250671,-0.6995347738265991,-0.666389524936676,-0.5621380805969238,-0.4898221790790558,-0.7408114075660706,0.42482131719589233,0.5203127264976501
300,1648716567.752277,41.59939193725586,-55.57459259033203,1610.2425537109375,0.9988363981246948,-0.044812146574258804,0.017824014648795128,0.04817118123173714,0.9447893500328064,-0.3241182863712311,-0.0023155019152909517,0.3245997428894043,0.9458486437797546
4,1648716567.7523038,-263.8519287109375,-45.52260208129883,1569.0286865234375,-0.06932196021080017,-0.99294114112854,0.0962412878870964,-0.7120932340621948,0.11681599169969559,0.6922985315322876,-0.6986541748046875,-0.02054128423333168,-0.7151646018028259
410,1648716567.7523227,-240.51707458496094,-145.02725219726562,1450.351318359375,-0.08605825901031494,0.7104957699775696,-0.698419451713562,-0.6662711501121521,-0.562240719795227,-0.48986539244651794,-0.7407271862030029,0.4231797754764557,0.5217682719230652
300,1648716567.801551,41.56000900268555,-55.57678985595703,1610.254638671875,0.9988371133804321,-0.04476539418101311,0.017903205007314682,0.04815247654914856,0.9448156356811523,-0.3240443468093872,-0.0024092537350952625,0.32452961802482605,0.9458724856376648
4,1648716567.8015788,-263.9400939941406,-45.52362823486328,1569.0322265625,-0.06995571404695511,-0.9928215742111206,0.09701292216777802,-0.7113853096961975,0.1178271472454071,0.6928547024726868,-0.6993119120597839,-0.020544420927762985,-0.7145214080810547
410,1648716567.8015964,-241.62222290039062,-149.8259735107422,1445.6962890625,-0.08630862087011337,0.7112018465995789,-0.697669506072998,-0.668023943901062,-0.5608428716659546,-0.4890800416469574,-0.7391175627708435,0.42384815216064453,0.523505449295044
300,1648716567.8506134,41.590328216552734,-55.575477600097656,1610.2601318359375,0.9988353848457336,-0.0447051078081131,0.018148617818951607,0.04817473888397217,0.9448580145835876,-0.3239173889160156,-0.0026671055238693953,0.32441446185112,0.9459112882614136
4,1648716567.85064,-263.83197021484375,-45.583526611328125,1569.051025390625,-0.07119900733232498,-0.9921016097068787,0.10327205061912537,-0.7123507857322693,0.12304665893316269,0.6909528970718384,-0.6982027292251587,-0.024370763450860977,-0.715485155582428
410,1648716567.8506587,-241.96875,-151.33416748046875,1444.8924560546875,-0.08634647727012634,0.7121754884719849,-0.6966709494590759,-0.6703222990036011,-0.5588542819023132,-0.4882109463214874,-0.7370293736457825,0.42483875155448914,0.5256421566009521
300,1648716567.8858588,41.58372116088867,-55.57777786254883,1610.26513671875,0.9988409280776978,-0.04485499486327171,0.01745915599167347,0.048093486577272415,0.944757878780365,-0.32422149181365967,-0.0019517217297106981,0.32468536496162415,0.9458200931549072
4,1648716567.885883,-263.6360168457031,-45.67774200439453,1569.1043701171875,-0.06996824592351913,-0.9919203519821167,0.1058225929737091,-0.7130597829818726,0.12391725927591324,0.6900653839111328,-0.697603166103363,-0.027175173163414,-0.7159688472747803
410,1648716567.8859012,-241.58358764648438,-151.2202606201172,1445.0804443359375,-0.08748161792755127,0.711399257183075,-0.6973220705986023,-0.6694614291191101,-0.5603508353233337,-0.4876765012741089,-0.7376776933670044,0.4241674840450287,0.5252747535705566
300,1648716567.9197595,41.571083068847656,-55.57338333129883,1610.248046875,0.9988375306129456,-0.04479944333434105,0.01779467798769474,0.04814979061484337,0.9447692036628723,-0.32418012619018555,-0.0022887755185365677,0.3246600925922394,0.9458280205726624
4,1648716567.9197872,-263.6041259765625,-45.7026481628418,1569.119384765625,-0.06891985237598419,-0.9923474192619324,0.10245303809642792,-0.7134817838668823,0.12080863863229752,0.6901804208755493,-0.6972759962081909,-0.02553124725818634,-0.7163479328155518
410,1648716567.9198058,-241.00363159179688,-150.59584045410156,1445.5745849609375,-0.08669770509004593,0.7100266218185425,-0.6988173723220825,-0.6684083938598633,-0.5616003274917603,-0.4876835346221924,-0.7387243509292603,0.4248143434524536,0.523277223110199
300,1648716567.9685514,41.607872009277344,-55.571441650390625,1610.2520751953125,0.9988361597061157,-0.044840630143880844,0.017766011878848076,0.04818040132522583,0.9446278214454651,-0.324587345123291,-0.002227568766102195,0.325065553188324,0.9456888437271118
4,1648716567.9685798,-263.4862976074219,-45.650787353515625,1569.1297607421875,-0.06757022440433502,-0.9927378296852112,0.09952839463949203,-0.71361243724823,0.11780524253845215,0.6905643939971924,-0.6972743272781372,-0.024363111704587936,-0.7163901925086975
410,1648716567.9685998,-240.30422973632812,-149.23660278320312,1447.343505859375,-0.08487750589847565,0.70949786901474,-0.6995774507522583,-0.6689853668212891,-0.5609048008918762,-0.4876928925514221,-0.7384134531021118,0.426612913608551,0.5222519040107727
300,1648716568.0177724,41.585750579833984,-55.57184600830078,1610.2318115234375,0.9988411664962769,-0.04480398818850517,0.017574965953826904,0.04808202385902405,0.9448859691619873,-0.3238496482372284,-0.0020965824369341135,0.32431942224502563,0.9459453225135803
4,1648716568.0177999,-263.60052490234375,-45.703880310058594,1569.1595458984375,-0.06872514635324478,-0.9923132061958313,0.10291409492492676,-0.7135676145553589,0.12098698318004608,0.6900604367256165,-0.6972073912620544,-0.02601165883243084,-0.7163974046707153
410,1648716568.0178173,-240.2042236328125,-148.33872985839844,1448.4993896484375,-0.07986783981323242,0.7104778289794922,-0.6991726160049438,-0.6704204082489014,-0.5573567748069763,-0.4897855222225189,-0.737670361995697,0.42962151765823364,0.5208337306976318
300,1648716568.0518105,41.55824279785156,-55.570194244384766,1610.2364501953125,0.9988365769386292,-0.044731203466653824,0.01801825501024723,0.048156727105379105,0.9449108242988586,-0.3237660825252533,-0.002543197711929679,0.32425710558891296,0.945965588092804
4,1648716568.051835,-263.76361083984375,-45.69599151611328,1569.1578369140625,-0.07052834331989288,-0.9921780228614807,0.10299775004386902,-0.7132887840270996,0.1223437711596489,0.6901094913482666,-0.697312593460083,-0.024794861674308777,-0.7163381576538086
410,1648716568.0518525,-239.9512176513672,-148.59767150878906,1448.4586181640625,-0.07485228776931763,0.7090616226196289,-0.7011624574661255,-0.6720094680786133,-0.5553597807884216,-0.48987627029418945,-0.7367498874664307,0.4345194697380066,0.5180661082267761
300,1648716568.0870106,41.58578872680664,-55.565185546875,1610.218017578125,0.9988337755203247,-0.04472993314266205,0.018174458295106888,0.0482066310942173,0.9448535442352295,-0.3239256739616394,-0.002683026948943734,0.32442405819892883,0.9459079504013062
4,1648716568.0870366,-263.72967529296875,-45.68953323364258,1569.1519775390625,-0.07033674418926239,-0.9921019077301025,0.10385806113481522,-0.7132896184921265,0.12280522286891937,0.6900266408920288,-0.6973310708999634,-0.025546645745635033,-0.7162937521934509
410,1648716568.0870562,-239.68589782714844,-149.48829650878906,1447.7840576171875,-0.07270113378763199,0.7075278759002686,-0.7029358744621277,-0.6723370552062988,-0.5553482174873352,-0.4894396960735321,-0.7366664409637451,0.4370270073413849,0.5160716772079468
300,1648716568.1360576,41.6026725769043,-55.564300537109375,1610.193359375,0.9988390207290649,-0.044769834727048874,0.017783882096409798,0.0481187105178833,0.9447094798088074,-0.3243587911128998,-0.002279111882671714,0.32483795285224915,0.9457669258117676
4,1648716568.1360853,-263.7148742675781,-45.755210876464844,1569.17578125,-0.06975005567073822,-0.9923251867294312,0.1021060049533844,-0.7140728235244751,0.1211395412683487,0.6895108819007874,-0.6965880990028381,-0.024817701429128647,-0.7170419096946716
410,1648716568.1361058,-239.67530822753906,-150.88938903808594,1446.0665283203125,-0.07107240706682205,0.7091745138168335,-0.7014415264129639,-0.671574592590332,-0.5539749264717102,-0.49203595519065857,-0.7375203967094421,0.4361001253128052,0.5156359076499939
300,1648716568.1868758,41.57980728149414,-55.571292877197266,1610.20263671875,0.9988334774971008,-0.044789787381887436,0.018044857308268547,0.04822104051709175,0.944873571395874,-0.3238651752471924,-0.0025442573241889477,0.3243575096130371,0.9459311366081238
4,1648716568.186901,-263.71063232421875,-45.77141189575195,1569.1978759765625,-0.06894301623106003,-0.9925065636634827,0.10088396817445755,-0.7139281034469604,0.11971820145845413,0.6899088621139526,-0.6968166828155518,-0.024459507316350937,-0.7168320417404175
410,1648716568.1869197,-239.6092987060547,-151.92027282714844,1445.0008544921875,-0.07064493000507355,0.7090677618980408,-0.7015926241874695,-0.6712055206298828,-0.554090678691864,-0.4924090802669525,-0.7378973364830017,0.43612661957740784,0.5150738954544067
300,1648716568.220349,41.5957145690918,-55.57380294799805,1610.230712890625,0.9988279938697815,-0.04475175589323044,0.018436791375279427,0.04831171780824661,0.9449220895767212,-0.32371005415916443,-0.0029347375966608524,0.3242214024066925,0.9459766745567322
4,1648716568.2203748,-263.6927795410156,-45.749107360839844,1569.18896484375,-0.06911874562501907,-0.9924684762954712,0.1011379286646843,-0.7139285802841187,0.12002037465572357,0.6898558735847473,-0.6967988014221191,-0.024523289874196053,-0.71684730052948
410,1648716568.2203934,-239.6893768310547,-151.93214416503906,1444.874267578125,-0.07132749259471893,0.7087740302085876,-0.7018203139305115,-0.6711088418960571,-0.5546367168426514,-0.4919258654117584,-0.7379195690155029,0.4359099864959717,0.515225350856781
300,1648716568.2541058,41.60062026977539,-55.57780075073242,1610.253173828125,0.9988352060317993,-0.04482684284448624,0.01785355992615223,0.04819433018565178,0.9448348879814148,-0.3239820599555969,-0.00234557269141078,0.3244651257991791,0.945894718170166
4,1648716568.2541327,-263.569580078125,-45.7277717590332,1569.178955078125,-0.06819415092468262,-0.9925004243850708,0.10145200788974762,-0.7141658067703247,0.11956895142793655,0.6896886825561523,-0.6966467499732971,-0.02542082592844963,-0.7169637680053711
410,1648716568.2541525,-239.56845092773438,-151.90745544433594,1444.7828369140625,-0.0726320743560791,0.7098149657249451,-0.7006335258483887,-0.6711446046829224,-0.5544251203536987,-0.4921155273914337,-0.7377597689628601,0.43448302149772644,0.5166575312614441
300,1648716568.3029592,41.57114028930664,-55.58000183105469,1610.245361328125,0.998833954334259,-0.0448201522231102,0.017941150814294815,0.048217106610536575,0.9447424411773682,-0.32424813508987427,-0.0024169159587472677,0.3247351050376892,0.9458019137382507
4,1648716568.302986,-263.6669006347656,-45.78715133666992,1569.2020263671875,-0.06818956881761551,-0.9927483797073364,0.09899906069040298,-0.7143477201461792,0.11785478889942169,0.6897953152656555,-0.6964606642723083,-0.023682909086346626,-0.7172040343284607
410,1648716568.3030043,-239.7333221435547,-152.03912353515625,1444.8582763671875,-0.07323791831731796,0.710617184638977,-0.6997566819190979,-0.6714876890182495,-0.553909957408905,-0.4922276437282562,-0.7373875975608826,0.4338282644748688,0.5177379250526428
300,1648716568.3524663,41.59143829345703,-55.57685089111328,1610.248779296875,0.9988378286361694,-0.044755514711141586,0.017888322472572327,0.04813762381672859,0.9449077248573303,-0.3237779140472412,-0.0024119680747389793,0.32426270842552185,0.945963978767395
4,1648716568.3524923,-263.6729736328125,-45.702362060546875,1569.174072265625,-0.06734251230955124,-0.9928563833236694,0.09849458932876587,-0.7136082053184509,0.11692347377538681,0.6907186508178711,-0.6973007321357727,-0.023771818727254868,-0.7163843512535095
410,1648716568.3525116,-240.09689331054688,-152.296875,1444.85595703125,-0.07534794509410858,0.7101796865463257,-0.6999768018722534,-0.6717936992645264,-0.5549086928367615,-0.49068281054496765,-0.7368961572647095,0.4332680404186249,0.5189054608345032
300,1648716568.3878007,41.59297561645508,-55.575199127197266,1610.2413330078125,0.9988398551940918,-0.04479143023490906,0.017681801691651344,0.04810580983757973,0.9447343349456787,-0.3242882490158081,-0.0021792708430439234,0.32476264238357544,0.9457930326461792
4,1648716568.3878262,-263.8112487792969,-45.64500427246094,1569.1689453125,-0.06941019743680954,-0.9928382635116577,0.09723392874002457,-0.712892472743988,0.1175466850399971,0.6913516521453857,-0.6978299021720886,-0.02133047953248024,-0.715945839881897
410,1648716568.387844,-240.0514678955078,-152.96717834472656,1444.539794921875,-0.0791359692811966,0.7088609337806702,-0.7008948922157288,-0.6746456623077393,-0.5557032227516174,-0.4858468472957611,-0.7338874340057373,0.4344077408313751,0.5222060680389404
300,1648716568.421317,41.57030487060547,-55.57862091064453,1610.2545166015625,0.9988368153572083,-0.04483814164996147,0.01773461513221264,0.04816646873950958,0.9448302388191223,-0.32399964332580566,-0.002228659810498357,0.3244769871234894,0.9458909630775452
4,1648716568.4213448,-263.8060607910156,-45.69313049316406,1569.1981201171875,-0.06963899731636047,-0.9928406476974487,0.09704554826021194,-0.7133502960205078,0.11756514012813568,0.6908761262893677,-0.6973391175270081,-0.02111555077135563,-0.7164302468299866
410,1648716568.4213634,-240.71957397460938,-152.8192901611328,1444.512939453125,-0.07651549577713013,0.7123401761054993,-0.6976509094238281,-0.6732688546180725,-0.5530062913894653,-0.4908086359500885,-0.7354280948638916,0.4321521818637848,0.5219100117683411
300,1648716568.470073,41.58175277709961,-55.57816696166992,1610.25,0.9988311529159546,-0.04481378570199013,0.018111184239387512,0.04826798290014267,0.9445274472236633,-0.32486629486083984,-0.002548022661358118,0.3253607749938965,0.9455865025520325
4,1648716568.4701006,-263.7611999511719,-45.738136291503906,1569.1973876953125,-0.06853834539651871,-0.9929162263870239,0.0970558375120163,-0.7139518857002258,0.11676659435033798,0.6903899312019348,-0.6968322396278381,-0.021975012496113777,-0.7168974280357361
410,1648716568.470121,-240.72811889648438,-153.62933349609375,1443.8900146484375,-0.08145061880350113,0.7115796804428101,-0.697868287563324,-0.67241370677948,-0.5560691952705383,-0.48851490020751953,-0.735680341720581,0.4294663667678833,0.5237681269645691
300,1648716568.5049639,41.59882736206055,-55.57215118408203,1610.25146484375,0.9988411664962769,-0.044770099222660065,0.017663946375250816,0.04807927832007408,0.9448189735412598,-0.3240455090999603,-0.002181682037189603,0.3245192766189575,0.9458765983581543
4,1648716568.50499,-263.68768310546875,-45.721961975097656,1569.1771240234375,-0.0666046291589737,-0.9931293725967407,0.09621801227331161,-0.7143254280090332,0.11478874087333679,0.690335214138031,-0.6966369152069092,-0.022751454263925552,-0.7170630097389221
410,1648716568.505008,-240.75845336914062,-154.0083770751953,1443.501708984375,-0.08127491921186447,0.7111330032348633,-0.6983439326286316,-0.673369824886322,-0.5557504296302795,-0.4875597357749939,-0.7348247766494751,0.43061739206314087,0.5240240693092346
300,1648716568.539324,41.57942581176758,-55.57566452026367,1610.267333984375,0.998831033706665,-0.04468165338039398,0.01844152994453907,0.04824685677886009,0.9449342489242554,-0.3236842453479767,-0.002963285893201828,0.32419562339782715,0.9459854364395142
4,1648716568.5393512,-263.7619934082031,-45.69684982299805,1569.182861328125,-0.067725770175457,-0.9932584166526794,0.09407928586006165,-0.7134816646575928,0.11412906646728516,0.6913164854049683,-0.6973931193351746,-0.02030390128493309,-0.7164011597633362
