300,1648716788.674296,41.43242645263672,-55.594051361083984,1610.1953125,0.9988577961921692,-0.04476112872362137,0.016719520092010498,0.04776378348469734,0.9449682235717773,-0.32365667819976807,-0.001312177162617445,0.3240855932235718,0.9460268616676331
4,1648716788.6743221,-254.57357788085938,-116.36780548095703,1711.423095703125,-0.0077686915174126625,-0.9996339678764343,0.025914335623383522,-0.9520608186721802,-0.0005313391447998583,-0.30590835213661194,0.3058101534843445,-0.02704853005707264,-0.951708197593689
410,1648716788.6743393,-225.2426300048828,-244.33187866210938,1737.4981689453125,-0.012105366215109825,0.8297899961471558,-0.5579444766044617,-0.9565384387969971,0.1529739499092102,0.24826036393642426,0.2913549244403839,0.5367006063461304,0.7918742299079895
300,1648716788.7082858,41.451576232910156,-55.60480499267578,1610.27880859375,0.9988589286804199,-0.044596970081329346,0.01708756573498249,0.04772716015577316,0.9450849294662476,-0.32332122325897217,-0.0017300539184361696,0.32376784086227417,0.9461349844932556
4,1648716788.7083097,-254.41531372070312,-116.3602066040039,1711.53466796875,-0.008406225591897964,-0.9995884895324707,0.027426879853010178,-0.9519897699356079,-0.0003936983412131667,-0.306129515171051,0.3060143291950226,-0.028683504089713097,-0.9515947103500366
410,1648716788.7083275,-225.2909393310547,-244.01441955566406,1737.2645263671875,-0.01393802184611559,0.8311018347740173,-0.5559455752372742,-0.9553784728050232,0.15299750864505768,0.25267326831817627,0.2950555086135864,0.5346602201461792,0.7918843030929565
300,1648716788.7393544,41.46686935424805,-55.60883712768555,1610.279541015625,0.9988579750061035,-0.044627394527196884,0.017062300816178322,0.04774805158376694,0.9450284242630005,-0.32348325848579407,-0.0016881446354091167,0.3239285349845886,0.9460800290107727
4,1648716788.7393808,-254.6341094970703,-116.36149597167969,1711.6143798828125,-0.00949451606720686,-0.9996845126152039,0.023254113271832466,-0.951606273651123,0.0018893227679654956,-0.3073139786720276,0.30717310309410095,-0.025046559050679207,-0.9513239860534668
410,1648716788.7394,-225.34043884277344,-243.3626708984375,1737.2117919921875,-0.014778354205191135,0.8316582441329956,-0.555091142654419,-0.9555022716522217,0.15182676911354065,0.25291115045547485,0.2946133315563202,0.5341284275054932,0.7924075722694397
300,1648716788.7865558,41.43900680541992,-55.6009521484375,1610.2347412109375,0.9988587498664856,-0.04472222924232483,0.016767743974924088,0.04774235934019089,0.9450292587280273,-0.32348161935806274,-0.0013791898963972926,0.32391297817230225,0.9460858702659607
4,1648716788.7865806,-254.42544555664062,-116.34603118896484,1711.5360107421875,-0.006067571230232716,-0.9995273351669312,0.030137471854686737,-0.9519904851913452,-0.0034506884403526783,-0.30610817670822144,0.30606749653816223,-0.030547920614480972,-0.9515196084976196
410,1648716788.7865987,-225.62173461914062,-242.43978881835938,1736.7412109375,-0.014550255611538887,0.8344708681106567,-0.5508599877357483,-0.9548665285110474,0.15186671912670135,0.25527703762054443,0.2966785430908203,0.5297120809555054,0.7945985794067383
300,1648716788.8338847,41.44768524169922,-55.60268020629883,1610.2354736328125,0.9988579750061035,-0.044635675847530365,0.017041830345988274,0.047749992460012436,0.9448846578598022,-0.32390260696411133,-0.001644951873458922,0.3243464529514313,0.945936918258667
4,1648716788.8339107,-254.4274139404297,-116.35135650634766,1711.5146484375,-0.009368556551635265,-0.9994900226593018,0.030528241768479347,-0.9519432187080383,-0.00043190308497287333,-0.30627429485321045,0.3061313033103943,-0.03193049877882004,-0.951453685760498
410,1648716788.8339295,-226.06231689453125,-241.21022033691406,1736.0281982421875,-0.014845035970211029,0.837730348110199,-0.5458823442459106,-0.9551562666893005,0.1495881974697113,0.2555384039878845,0.2957298159599304,0.5251964330673218,0.7979427576065063
300,1648716788.867307,41.459388732910156,-55.60476303100586,1610.2537841796875,0.9988653063774109,-0.044617749750614166,0.0166541188955307,0.04760707914829254,0.9449421167373657,-0.32375603914260864,-0.0012919132132083178,0.32418152689933777,0.9459940195083618
4,1648716788.867331,-254.59153747558594,-116.3525390625,1711.6583251953125,-0.009839615784585476,-0.9995642900466919,0.02782817743718624,-0.9515862464904785,0.0008097478421404958,-0.3073808252811432,0.3072243630886078,-0.029505420476198196,-0.951179563999176
410,1648716788.867349,-226.26040649414062,-240.354736328125,1735.623779296875,-0.015825334936380386,0.8404127359390259,-0.5417158007621765,-0.9554427266120911,0.14700141549110413,0.25596827268600464,0.29475197196006775,0.5216292142868042,0.8006398677825928
300,1648716788.9068363,41.44119644165039,-55.605472564697266,1610.255615234375,0.99885493516922,-0.04469031095504761,0.017076071351766586,0.047812413424253464,0.9449527859687805,-0.3236945867538452,-0.0016700711566954851,0.32414036989212036,0.9460075497627258
4,1648716788.9068632,-254.7248992919922,-116.35675811767578,1711.731201171875,-0.011669575236737728,-0.9996139407157898,0.02521580085158348,-0.9513320922851562,0.003332690568640828,-0.3081495463848114,0.3079465329647064,-0.02758457511663437,-0.9510036706924438
410,1648716788.906882,-226.35513305664062,-239.30618286132812,1735.4173583984375,-0.014510477893054485,0.8426273465156555,-0.5383015871047974,-0.9559010863304138,0.1462431252002716,0.2546881437301636,0.2933301031589508,0.5182587504386902,0.8033463358879089
300,1648716788.9559906,41.454410552978516,-55.59934616088867,1610.21630859375,0.9988574981689453,-0.044631533324718475,0.017078641802072525,0.04775670915842056,0.9451330900192261,-0.3231760263442993,-0.0017177495174109936,0.3236224055290222,0.9461847543716431
4,1648716788.9560184,-254.56832885742188,-116.3474349975586,1711.6585693359375,-0.006013322155922651,-0.9995953440666199,0.027803165838122368,-0.9521043300628662,-0.002776932204142213,-0.30576080083847046,0.30571427941322327,-0.028310151770710945,-0.9517022967338562
410,1648716788.956038,-226.5116424560547,-238.1886444091797,1734.8270263671875,-0.01449943520128727,0.8442832231521606,-0.5357010364532471,-0.9552332758903503,0.14663587510585785,0.2569577991962433,0.29549816250801086,0.5154451727867126,0.8043612837791443
300,1648716788.9902663,41.46562194824219,-55.604549407958984,1610.203857421875,0.9988614916801453,-0.044690635055303574,0.016685830429196358,0.047686297446489334,0.9449419975280762,-0.32374465465545654,-0.0012987887021154165,0.324171781539917,0.9459973573684692
4,1648716788.9902914,-254.7846221923828,-116.35199737548828,1711.719970703125,-0.010724378749728203,-0.9996475577354431,0.02428480237722397,-0.9518755078315735,0.0027666243258863688,-0.306472510099411,0.30629730224609375,-0.02640283666551113,-0.951569676399231
410,1648716788.9903092,-226.50262451171875,-237.1455078125,1734.67626953125,-0.01454205997288227,0.8445867300033569,-0.53522127866745,-0.9557112455368042,0.14561918377876282,0.2557559609413147,0.2939465641975403,0.5152361989021301,0.8050633668899536
300,1648716789.025244,41.45072555541992,-55.617374420166016,1610.240478515625,0.9988637566566467,-0.04448985308408737,0.01708270236849785,0.047624751925468445,0.9449942111968994,-0.32360124588012695,-0.0017460831440985203,0.32404711842536926,0.9460393190383911
4,1648716789.0252717,-254.9258575439453,-116.35043334960938,1711.7598876953125,-0.010564878582954407,-0.9996543526649475,0.024073965847492218,-0.9516628980636597,0.0026612156070768833,-0.30713292956352234,0.3069626986980438,-0.026155121624469757,-0.9513620734214783
410,1648716789.0252903,-226.55776977539062,-235.9325408935547,1734.2247314453125,-0.01362234354019165,0.8453489542007446,-0.5340408682823181,-0.9555559754371643,0.14629559218883514,0.2559499740600586,0.2944948673248291,0.5137925744056702,0.8057852983474731
300,1648716789.0761487,41.44656753540039,-55.608673095703125,1610.2095947265625,0.9988576769828796,-0.044694721698760986,0.016904102638363838,0.04776011407375336,0.9451107978820801,-0.3232407569885254,-0.0015290927840396762,0.3236788511276245,0.9461657404899597
4,1648716789.0761738,-254.6979522705078,-116.34940338134766,1711.71533203125,-0.011164224706590176,-0.9996247887611389,0.025013698264956474,-0.951682448387146,0.002944950247183442,-0.3070698082447052,0.306880921125412,-0.027233293280005455,-0.9513581991195679
410,1648716789.0761914,-226.5890350341797,-234.75108337402344,1733.55029296875,-0.014639096334576607,0.8471685647964478,-0.5311225056648254,-0.9555243849754333,0.14462211728096008,0.257016658782959,0.29454851150512695,0.5112630128860474,0.8073731064796448
300,1648716789.1085825,41.46127700805664,-55.61351013183594,1610.2413330078125,0.9988568425178528,-0.044722896069288254,0.016878671944141388,0.04777879640460014,0.9450548887252808,-0.32340142130851746,-0.001487823436036706,0.32383814454078674,0.9461113214492798
4,1648716789.1086082,-254.93905639648438,-116.3521728515625,1711.7784423828125,-0.011723040603101254,-0.9996556043624878,0.023478439077734947,-0.9516922235488892,0.003949546720832586,-0.3070281147956848,0.30682963132858276,-0.02594355121254921,-0.9514107704162598
410,1648716789.1086264,-226.77809143066406,-233.53494262695312,1733.300048828125,-0.01256215013563633,0.8475202322006226,-0.5306143760681152,-0.9561767578125,0.145058274269104,0.2543306052684784,0.29252034425735474,0.5105561017990112,0.8085569739341736
300,1648716789.143049,41.46287155151367,-55.60423278808594,1610.230712890625,0.9988539218902588,-0.04472336545586586,0.017048334702849388,0.04783394932746887,0.9450989365577698,-0.32326453924179077,-0.0016548838466405869,0.32370954751968384,0.9461550712585449
4,1648716789.143076,-254.831787109375,-116.34777069091797,1711.70556640625,-0.010240722447633743,-0.9996251463890076,0.02539062313735485,-0.9518536329269409,0.0019649977330118418,-0.30654653906822205,0.3063817620277405,-0.02730741538107395,-0.9515169858932495
410,1648716789.1430957,-226.8500213623047,-232.46450805664062,1732.9061279296875,-0.012111259624361992,0.8483001589775085,-0.5293771624565125,-0.9565317630767822,0.1444418579339981,0.2533446252346039,0.2913765013217926,0.5094344019889832,0.8096766471862793
300,1648716789.1942408,41.43345642089844,-55.61603927612305,1610.2559814453125,0.9988582134246826,-0.04443414881825447,0.017545266076922417,0.047720637172460556,0.9451822638511658,-0.3230375349521637,-0.00222957506775856,0.3235059678554535,0.9462234973907471
4,1648716789.1942663,-254.9188232421875,-116.33641052246094,1711.77197265625,-0.00950304139405489,-0.9996492266654968,0.024721549823880196,-0.9521297216415405,0.0014915039064362645,-0.3056906759738922,0.3055465817451477,-0.026443112641572952,-0.9518098831176758
410,1648716789.1942842,-226.88572692871094,-230.8545379638672,1731.984619140625,-0.013223758898675442,0.8498160243034363,-0.5269134640693665,-0.9563585519790649,0.14308173954486847,0.2547663152217865,0.2918962240219116,0.5072872042655945,0.8108367919921875
300,1648716789.2419548,41.45933151245117,-55.615299224853516,1610.24755859375,0.9988613724708557,-0.04453110322356224,0.017115488648414612,0.047673556953668594,0.9451457858085632,-0.3231511116027832,-0.0017863560933619738,0.3235991299152374,0.9461925625801086
4,1648716789.2419815,-254.752685546875,-116.34693145751953,1711.642578125,-0.011882622726261616,-0.9995800256729126,0.026429690420627594,-0.9521632194519043,0.003239362733438611,-0.3055727779865265,0.3053588271141052,-0.02879638597369194,-0.9518018364906311
410,1648716789.241999,-226.87933349609375,-229.5614776611328,1731.1802978515625,-0.014210177585482597,0.8518269658088684,-0.5236304402351379,-0.955716609954834,0.14237892627716064,0.25755399465560913,0.2939453721046448,0.5041022300720215,0.8120819330215454
300,1648716789.2749496,41.44815444946289,-55.61628723144531,1610.2559814453125,0.9988576173782349,-0.044440288096666336,0.017563365399837494,0.047732800245285034,0.9451094269752502,-0.32324865460395813,-0.0022340393625199795,0.32371774315834045,0.946151077747345
4,1648716789.2749734,-254.9192657470703,-116.33514404296875,1711.7293701171875,-0.01227052416652441,-0.9995890259742737,0.025907306000590324,-0.9523628950119019,0.003787283319979906,-0.3049435317516327,0.30472007393836975,-0.028414973989129066,-0.9520180225372314
410,1648716789.2749925,-226.8588409423828,-228.20892333984375,1730.9737548828125,-0.01252475380897522,0.8511983156204224,-0.5246947407722473,-0.9564054012298584,0.14291824400424957,0.25468239188194275,0.2917736768722534,0.505010724067688,0.8123006224632263
300,1648716789.3146636,41.43928909301758,-55.6012077331543,1610.2642822265625,0.9988572597503662,-0.04462965950369835,0.01709713414311409,0.04776120185852051,0.9450798034667969,-0.3233310878276825,-0.0017279996536672115,0.3237781822681427,0.9461314082145691
4,1648716789.3146906,-254.9453887939453,-116.32567596435547,1711.7420654296875,-0.013032453134655952,-0.9996181130409241,0.024366674944758415,-0.9524317383766174,0.004989630077034235,-0.30471113324165344,0.3044731914997101,-0.027178728953003883,-0.952133059501648
410,1648716789.3147092,-226.76950073242188,-226.818603515625,1730.69921875,-0.010395808145403862,0.8503824472427368,-0.5260623693466187,-0.9566691517829895,0.14463795721530914,0.25271323323249817,0.29099148511886597,0.5058948397636414,0.8120310306549072
300,1648716789.3640337,41.4602165222168,-55.60559844970703,1610.2279052734375,0.9988550543785095,-0.04459232836961746,0.017323626205325127,0.0477985255420208,0.9451925158500671,-0.32299596071243286,-0.0019710196647793055,0.32345420122146606,0.9462417960166931
4,1648716789.3640625,-254.8658447265625,-116.33856201171875,1711.6593017578125,-0.009952890686690807,-0.9995951056480408,0.02665698155760765,-0.9522944092750549,0.0013435049913823605,-0.3051778972148895,0.30501851439476013,-0.028422696515917778,-0.9519221782684326
410,1648716789.3640823,-226.80950927734375,-225.23130798339844,1729.93212890625,-0.010294321924448013,0.8524028658866882,-0.5227842330932617,-0.9572976231575012,0.14265824854373932,0.2514556050300598,0.28892096877098083,0.5030486583709717,0.8145346641540527
300,1648716789.3985898,41.457794189453125,-55.601497650146484,1610.2252197265625,0.998860239982605,-0.044547103345394135,0.017139052972197533,0.047696277499198914,0.9451528191566467,-0.32312723994255066,-0.001804641098715365,0.323576420545578,0.9462003111839294
4,1648716789.3986156,-254.93418884277344,-116.31425476074219,1711.7225341796875,-0.013226444832980633,-0.9996047019958496,0.024809595197439194,-0.9526283144950867,0.0050574117340147495,-0.30409497022628784,0.3038492798805237,-0.027656417340040207,-0.9523186087608337
410,1648716789.3986328,-226.75054931640625,-224.0704345703125,1729.4503173828125,-0.010148979723453522,0.8523041605949402,-0.5229480266571045,-0.9565349817276001,0.14414925873279572,0.2534991204738617,0.2914409339427948,0.5027908086776733,0.813795804977417
300,1648716789.4332778,41.437129974365234,-55.60115432739258,1610.2469482421875,0.9988572001457214,-0.04461120814085007,0.017151452600955963,0.047761090099811554,0.945124089717865,-0.32320165634155273,-0.0017918343655765057,0.3236514627933502,0.946174681186676
4,1648716789.4333053,-254.84400939941406,-116.32093048095703,1711.6123046875,-0.008945608511567116,-0.99964439868927,0.025121621787548065,-0.9527392387390137,0.0008915036451071501,-0.3037879467010498,0.30365753173828125,-0.02665192261338234,-0.9524084329605103
410,1648716789.4333255,-226.5675506591797,-223.11643981933594,1729.1668701171875,-0.009478511288762093,0.8511505126953125,-0.5248361825942993,-0.9558106660842896,0.1465146839618683,0.2548713684082031,0.29383009672164917,0.5040597915649414,0.8121500015258789
300,1648716789.4844368,41.46005630493164,-55.60174560546875,1610.239501953125,0.9988576769828796,-0.0447053425014019,0.016873735934495926,0.04776084050536156,0.945001482963562,-0.32356002926826477,-0.0014808436390012503,0.32399633526802063,0.9460572004318237
4,1648716789.484462,-255.02442932128906,-116.32341766357422,1711.6551513671875,-0.012960444204509258,-0.999680757522583,0.021688273176550865,-0.9527617692947388,0.00576411047950387,-0.30366387963294983,0.30344194173812866,-0.024599377065896988,-0.9525323510169983
410,1648716789.4844794,-226.47039794921875,-221.41061401367188,1728.8358154296875,-0.008489827625453472,0.8505145311355591,-0.5258830189704895,-0.9565561413764954,0.14635874330997467,0.25214967131614685,0.29142454266548157,0.5051773190498352,0.8123223185539246
300,1648716789.5170832,41.460269927978516,-55.59865188598633,1610.2303466796875,0.9988565444946289,-0.04465591162443161,0.017071379348635674,0.047778576612472534,0.9449108839035034,-0.3238218426704407,-0.0016703731380403042,0.3242672085762024,0.9459640383720398
4,1648716789.5171082,-254.83592224121094,-116.3152847290039,1711.6282958984375,-0.009805580601096153,-0.9996112585067749,0.026099856942892075,-0.9529135823249817,0.0014299422036856413,-0.3032386302947998,0.3030834197998047,-0.02784433774650097,-0.9525571465492249
410,1648716789.5171266,-226.46412658691406,-220.40911865234375,1728.2911376953125,-0.007866435684263706,0.8511387705802917,-0.5248818397521973,-0.956903338432312,0.14597536623477936,0.2510521411895752,0.29030004143714905,0.5042360424995422,0.8133092522621155
300,1648716789.551774,41.436004638671875,-55.60378646850586,1610.23876953125,0.9988558292388916,-0.04469757527112961,0.017003046348690987,0.047795481979846954,0.9449806213378906,-0.32361578941345215,-0.0016027081292122602,0.3240582048892975,0.9460358023643494
4,1648716789.5518005,-254.6632080078125,-116.32755279541016,1711.5675048828125,-0.008027153089642525,-0.9995399117469788,0.029248567298054695,-0.9526870250701904,-0.0012433209922164679,-0.30395039916038513,0.30384692549705505,-0.03030458651483059,-0.9522387981414795
410,1648716789.5518205,-226.43310546875,-219.5085906982422,1727.7630615234375,-0.00955981109291315,0.8516002297401428,-0.5241045951843262,-0.9574897289276123,0.14332205057144165,0.2503441572189331,0.28830888867378235,0.5042179822921753,0.8140283823013306
300,1648716789.6014102,41.44918441772461,-55.603641510009766,1610.2418212890625,0.9988585114479065,-0.044539112597703934,0.017260663211345673,0.04772840812802315,0.9450933933258057,-0.3232962191104889,-0.001913613174110651,0.3237510025501251,0.9461404085159302
4,1648716789.6014366,-254.77273559570312,-116.31645202636719,1711.6197509765625,-0.013081218115985394,-0.9994766712188721,0.029585491865873337,-0.9526664614677429,0.003469935618340969,-0.30399760603904724,0.3037358522415161,-0.03216176480054855,-0.9522132873535156
410,1648716789.6014547,-226.53077697753906,-218.03445434570312,1727.193115234375,-0.010411176830530167,0.852069079875946,-0.5233258008956909,-0.9569340944290161,0.14335308969020844,0.25244224071502686,0.29011860489845276,0.5034165382385254,0.8138814568519592
300,1648716789.6333616,41.4630012512207,-55.60498809814453,1610.24267578125,0.9988547563552856,-0.04465371370315552,0.017181795090436935,0.04781190678477287,0.9449813961982727,-0.32361117005348206,-0.001786037697456777,0.3240620493888855,0.9460341334342957
4,1648716789.6333914,-254.57684326171875,-116.33074951171875,1711.614990234375,-0.008134394884109497,-0.9994577169418335,0.03190786764025688,-0.9522404670715332,-0.001998014049604535,-0.30534258484840393,0.3052407503128052,-0.03286774083971977,-0.9517078399658203
410,1648716789.6334097,-226.4322509765625,-217.87123107910156,1727.1832275390625,-0.011246771551668644,0.8522534966468811,-0.5230081081390381,-0.9569134712219238,0.14259953796863556,0.2529466450214386,0.2901553809642792,0.5033183097839355,0.8139290809631348
300,1648716789.6705685,41.444026947021484,-55.609779357910156,1610.2392578125,0.9988614916801453,-0.04470517113804817,0.016647284850478172,0.04768751934170723,0.9449503421783447,-0.32372018694877625,-0.0012588918907567859,0.32414549589157104,0.9460064172744751
4,1648716789.670595,-254.65664672851562,-116.32345581054688,1711.661865234375,-0.013525855727493763,-0.9994674921035767,0.029695091769099236,-0.952263355255127,0.0038176667876541615,-0.30525392293930054,0.30497798323631287,-0.03240636736154556,-0.9518078565597534
410,1648716789.6706145,-226.2660369873047,-217.92135620117188,1727.2880859375,-0.011504094116389751,0.8503177762031555,-0.5261438488960266,-0.956229031085968,0.14450593292713165,0.25444847345352173,0.2923929691314697,0.5060412287712097,0.811436116695404
300,1648716789.7198062,41.45420455932617,-55.59858703613281,1610.2362060546875,0.9988508224487305,-0.0447702594101429,0.01710604503750801,0.04789770022034645,0.9449611306190491,-0.3236575722694397,-0.0016743142623454332,0.3241049647331238,0.9460196495056152
4,1648716789.7198331,-254.62217712402344,-116.3219985961914,1711.6531982421875,-0.008558914065361023,-0.9994413256645203,0.03230709955096245,-0.9522693753242493,-0.001712440513074398,-0.30525416135787964,0.3051389455795288,-0.03337770327925682,-0.9517227411270142
410,1648716789.7198505,-226.59371948242188,-217.6546173095703,1726.9656982421875,-0.012646873481571674,0.8533505797386169,-0.5211840867996216,-0.9582563638687134,0.13854658603668213,0.250099241733551,0.28563061356544495,0.5025909543037415,0.8159763813018799
300,1648716789.7515702,41.46240234375,-55.60749816894531,1610.241943359375,0.9988519549369812,-0.044757992029190063,0.017072537913918495,0.04787536710500717,0.9449363946914673,-0.3237331807613373,-0.0016428151866421103,0.32417887449264526,0.9459943771362305
4,1648716789.751596,-254.64208984375,-116.33033752441406,1711.6290283203125,-0.0073438785038888454,-0.9994654059410095,0.03185811638832092,-0.9522413611412048,-0.0027356853242963552,-0.30533406138420105,0.30525797605514526,-0.032578952610492706,-0.9517122507095337
410,1648716789.7516139,-226.68495178222656,-217.81680297851562,1726.8245849609375,-0.011472688987851143,0.8532016277313232,-0.5214549899101257,-0.9571400284767151,0.14155778288841248,0.2526743412017822,0.289398193359375,0.5020043253898621,0.8150094151496887
300,1648716789.7889626,41.440486907958984,-55.60892868041992,1610.24560546875,0.998866081237793,-0.04463696852326393,0.016555506736040115,0.0475928969681263,0.9450501203536987,-0.32344263792037964,-0.0012082835892215371,0.32386380434036255,0.9461029171943665
4,1648716789.7889898,-254.7989044189453,-116.33306884765625,1711.69384765625,-0.01383106131106615,-0.9994803667068481,0.029115978628396988,-0.9520851373672485,0.004266800358891487,-0.3058033585548401,0.305520236492157,-0.03195047378540039,-0.9516493678092957
410,1648716789.7890081,-226.68478393554688,-217.76783752441406,1726.9871826171875,-0.012307215481996536,0.852264940738678,-0.5229655504226685,-0.9572322368621826,0.14114880561828613,0.2525539696216583,0.2890588641166687,0.5037077069282532,0.8140783309936523
300,1648716789.8378327,41.44099807739258,-55.61542510986328,1610.258544921875,0.9988608956336975,-0.04447579011321068,0.01728610321879387,0.0476769395172596,0.9450616240501404,-0.3233966529369354,-0.0019531125435605645,0.32385241985321045,0.9461055994033813
4,1648716789.8378599,-254.70265197753906,-116.32518005371094,1711.6724853515625,-0.008185172453522682,-0.9995212554931641,0.02983798459172249,-0.9520257115364075,-0.0013390217209234834,-0.30601516366004944,0.3059086203575134,-0.030911315232515335,-0.9515589475631714
410,1648716789.8378823,-226.8480987548828,-217.82644653320312,1726.9715576171875,-0.012506683357059956,0.8544182777404785,-0.5194352865219116,-0.9562151432037354,0.1416856348514557,0.2560817003250122,0.2923973798751831,0.4998946189880371,0.8152356147766113
300,1648716789.888981,41.466896057128906,-55.602569580078125,1610.231689453125,0.9988548755645752,-0.04468249902129173,0.017101338133215904,0.04781279340386391,0.9450327157974243,-0.3234611749649048,-0.001708269934169948,0.3239084482192993,0.9460868835449219
4,1648716789.8890057,-254.72109985351562,-116.31730651855469,1711.7215576171875,-0.01440642774105072,-0.9994821548461914,0.028772812336683273,-0.9521419405937195,0.0049260701052844524,-0.30561649799346924,0.3053164780139923,-0.03179864212870598,-0.9517198801040649
410,1648716789.8890228,-226.98248291015625,-217.62791442871094,1727.0672607421875,-0.01147624384611845,0.8564409017562866,-0.516117513179779,-0.957760214805603,0.13890542089939117,0.2517949342727661,0.2873390018939972,0.497206449508667,0.8186708688735962
300,1648716789.9221544,41.45057678222656,-55.60344314575195,1610.222900390625,0.9988580346107483,-0.04460445046424866,0.017118267714977264,0.04774460941553116,0.9450039863586426,-0.32355520129203796,-0.0017448286525905132,0.3240030109882355,0.9460544586181641
4,1648716789.9221802,-254.70448303222656,-116.31389617919922,1711.6826171875,-0.009525240398943424,-0.9994816184043884,0.03075275383889675,-0.9521700739860535,-0.00032758823363110423,-0.30556830763816833,0.3054199814796448,-0.03219246491789818,-0.9516733884811401
410,1648716789.922199,-226.91453552246094,-217.8243408203125,1727.0880126953125,-0.011352015659213066,0.8547409772872925,-0.5189306139945984,-0.9560086131095886,0.14285053312778473,0.2562054395675659,0.29311880469322205,0.4990105628967285,0.8155181407928467
300,1648716789.956353,41.44137954711914,-55.601654052734375,1610.217041015625,0.9988577365875244,-0.04471348598599434,0.016849307343363762,0.04776044562458992,0.9450419545173645,-0.32344186305999756,-0.0014610897051170468,0.32387715578079224,0.9460980296134949
4,1648716789.9563794,-254.7607879638672,-116.3218994140625,1711.6734619140625,-0.01314528938382864,-0.9994862675666809,0.029230598360300064,-0.9522812962532043,0.0035986648872494698,-0.30520063638687134,0.3049386441707611,-0.03184770047664642,-0.9518393278121948
410,1648716789.9564002,-226.89950561523438,-217.81817626953125,1727.1048583984375,-0.014749559573829174,0.8547865152359009,-0.5187700986862183,-0.9564756155014038,0.13916127383708954,0.2564927637577057,0.2914392650127411,0.4999741017818451,0.8155299425125122
300,1648716790.0052562,41.46206283569336,-55.60226821899414,1610.215087890625,0.998857855796814,-0.04471534490585327,0.01683642715215683,0.0477580726146698,0.9450333714485168,-0.3234672248363495,-0.0014470366295427084,0.32390186190605164,0.9460895657539368
4,1648716790.005283,-254.78150939941406,-116.31790161132812,1711.6395263671875,-0.010352026671171188,-0.9995598196983337,0.02780306525528431,-0.952215850353241,0.0013662731507793069,-0.3054228723049164,0.30525046586990356,-0.029636263847351074,-0.9518108367919922
410,1648716790.0053012,-227.03659057617188,-217.90054321289062,1726.8570556640625,-0.015921711921691895,0.8553100824356079,-0.5178717374801636,-0.9561476707458496,0.13846687972545624,0.25808635354042053,0.292451947927475,0.499271035194397,0.8155981302261353
300,1648716790.0375042,41.455116271972656,-55.60662841796875,1610.2264404296875,0.9988582134246826,-0.044474102556705475,0.017444688826799393,0.04772643372416496,0.9451011419296265,-0.32327398657798767,-0.0021096740383654833,0.3237374424934387,0.9461445808410645
4,1648716790.0375304,-254.8179931640625,-116.30230712890625,1711.602294921875,-0.010985270142555237,-0.999569833278656,0.027193725109100342,-0.9527827501296997,0.002210295060649514,-0.30364474654197693,0.3034540116786957,-0.02924533188343048,-0.9523971676826477
410,1648716790.0375488,-227.10691833496094,-217.78065490722656,1726.8162841796875,-0.015422207303345203,0.8568785786628723,-0.5152875185012817,-0.9571197628974915,0.136447474360466,0.2555462718009949,0.28928181529045105,0.49713295698165894,0.8180310726165771
300,1648716790.0762,41.44139862060547,-55.59297561645508,1610.2015380859375,0.9988587498664856,-0.04464798793196678,0.0169634111225605,0.04773515835404396,0.9450989961624146,-0.32327887415885925,-0.0015983511693775654,0.32371968030929565,0.9461516737937927
4,1648716790.0762243,-254.8672332763672,-116.29280853271484,1711.552490234375,-0.00965738296508789,-0.999582052230835,0.02724752016365528,-0.9527454376220703,0.0009244739776477218,-0.3037685453891754,0.30361640453338623,-0.02889355830848217,-0.9523561596870422
410,1648716790.076255,-227.19351196289062,-217.62860107421875,1726.658203125,-0.011943895369768143,0.8579246401786804,-0.5136367678642273,-0.9577367901802063,0.13782386481761932,0.2524772584438324,0.2873978614807129,0.49494439363479614,0.8200198411941528
300,1648716790.123466,41.45750427246094,-55.59968948364258,1610.203857421875,0.9988600611686707,-0.0445701889693737,0.017090322449803352,0.047702740877866745,0.9450801610946655,-0.3233388066291809,-0.0017404531827196479,0.3237854540348053,0.9461289048194885
4,1648716790.1234922,-254.9424591064453,-116.31132507324219,1711.527587890625,-0.01232280395925045,-0.9996616840362549,0.022905981168150902,-0.9531430602073669,0.0048183901235461235,-0.3024815022945404,0.30226877331733704,-0.02556009776890278,-0.9528799653053284
410,1648716790.1235113,-226.98704528808594,-217.6572723388672,1726.6934814453125,-0.010856550186872482,0.8573987483978271,-0.5145381093025208,-0.9585212469100952,0.13764172792434692,0.24958321452140808,0.2848142683506012,0.495905339717865,0.820340633392334
300,1648716790.1726253,41.45289611816406,-55.599308013916016,1610.1951904296875,0.9988550543785095,-0.04474330693483353,0.016931436955928802,0.04781578853726387,0.9449272155761719,-0.3237687647342682,-0.0015124904457479715,0.3242076635360718,0.9459847211837769
4,1648716790.172653,-254.9144744873047,-116.32060241699219,1711.54638671875,-0.01119137741625309,-0.9996756315231323,0.022876465693116188,-0.9528973698616028,0.0037276954390108585,-0.3032700717449188,0.30308642983436584,-0.02519293501973152,-0.9526299834251404
410,1648716790.172673,-226.82427978515625,-217.7631378173828,1726.548095703125,-0.010100506246089935,0.8578223586082458,-0.5138471126556396,-0.9571173787117004,0.14049261808395386,0.25335371494293213,0.2895241975784302,0.4943709969520569,0.8196176290512085
300,1648716790.2074127,41.443450927734375,-55.60227966308594,1610.1951904296875,0.9988589882850647,-0.044502075761556625,0.01732751354575157,0.047714877873659134,0.9451152086257935,-0.3232344090938568,-0.001991895493119955,0.3236923813819885,0.9461602568626404
4,1648716790.2074368,-254.923583984375,-116.30519104003906,1711.45166015625,-0.01002402976155281,-0.9996435642242432,0.024743398651480675,-0.9534437656402588,0.0020963901188224554,-0.3015635013580322,0.3014041483402252,-0.026614321395754814,-0.953125
410,1648716790.2074542,-226.8955535888672,-217.68524169921875,1726.3875732421875,-0.011615079827606678,0.8583564758300781,-0.5129222273826599,-0.9575874209403992,0.13814634084701538,0.25286731123924255,0.2879086434841156,0.49410495162010193,0.8203468322753906
300,1648716790.2417884,41.44660186767578,-55.59601593017578,1610.2115478515625,0.9988539218902588,-0.04462908208370209,0.01729557476937771,0.047824304550886154,0.9451789855957031,-0.32303181290626526,-0.0019307999173179269,0.3234887421131134,0.9462300539016724
4,1648716790.241815,-254.77745056152344,-116.3243408203125,1711.436279296875,-0.013263492844998837,-0.9995280504226685,0.027709083631634712,-0.9530311822891235,0.004251045640558004,-0.30284231901168823,0.3025815784931183,-0.030424369499087334,-0.952637791633606
410,1648716790.2418344,-227.010986328125,-217.63623046875,1726.290771484375,-0.00707564502954483,0.8596373796463013,-0.5108556151390076,-0.9580187201499939,0.14060045778751373,0.2498631775379181,0.28661826252937317,0.49117720127105713,0.8225538730621338
300,1648716790.292598,41.452396392822266,-55.60480880737305,1610.2357177734375,0.9988636374473572,-0.04444701224565506,0.017202995717525482,0.04762379452586174,0.9448918700218201,-0.32390010356903076,-0.0018585792277008295,0.32435131072998047,0.9459348917007446
4,1648716790.2926228,-254.83493041992188,-116.30062866210938,1711.5584716796875,-0.010032223537564278,-0.9995679259300232,0.027627883478999138,-0.9530322551727295,0.0011939872056245804,-0.30286651849746704,0.3027026951313019,-0.02936868742108345,-0.9526324272155762
410,1648716790.2926404,-226.83770751953125,-217.63259887695312,1726.3070068359375,-0.010839296504855156,0.8585646152496338,-0.5125908255577087,-0.9575945138931274,0.13868746161460876,0.252544105052948,0.28791534900665283,0.4935915768146515,0.82065349817276
300,1648716790.3265202,41.442081451416016,-55.591278076171875,1610.257568359375,0.9988489151000977,-0.04465730860829353,0.017508741468191147,0.047921329736709595,0.9449658393859863,-0.32364046573638916,-0.0020922496914863586,0.32410699129104614,0.9460180997848511
4,1648716790.3265471,-254.77572631835938,-116.31847381591797,1711.4913330078125,-0.011570937931537628,-0.9995414614677429,0.0279812291264534,-0.9528523683547974,0.0025363913737237453,-0.303423672914505,0.30321356654167175,-0.03017287701368332,-0.9524447917938232
410,1648716790.3265657,-226.88104248046875,-217.51141357421875,1726.302978515625,-0.007210628595203161,0.8591142892837524,-0.5117329359054565,-0.9583747386932373,0.14013038575649261,0.24875962734222412,0.28542229533195496,0.49222564697265625,0.8223429918289185
300,1648716790.3595164,41.44294357299805,-55.601478576660156,1610.2581787109375,0.9988605380058289,-0.04459386691451073,0.01699950359761715,0.047695308923721313,0.94516521692276,-0.32309117913246155,-0.0016594539629295468,0.323533833026886,0.9462151527404785
4,1648716790.359553,-254.72097778320312,-116.29975891113281,1711.514892578125,-0.00635369261726737,-0.9995564818382263,0.029094120487570763,-0.9526256322860718,-0.0027970203664153814,-0.3041326105594635,0.3040790855884552,-0.02964816801249981,-0.952185332775116
410,1648716790.3595712,-226.82728576660156,-217.54556274414062,1726.207763671875,-0.011215941049158573,0.8586804270744324,-0.5123887062072754,-0.9576584696769714,0.13820244371891022,0.2525675594806671,0.2876881957054138,0.4935261607170105,0.8207724690437317
300,1648716790.4137385,41.45661163330078,-55.5940055847168,1610.25830078125,0.9988542795181274,-0.0446879118680954,0.017122216522693634,0.04782384634017944,0.9451865553855896,-0.3230096995830536,-0.0017490600002929568,0.3234584629535675,0.9462407827377319
4,1648716790.413766,-254.79391479492188,-116.31028747558594,1711.5081787109375,-0.008949426002800465,-0.9995757341384888,0.027716537937521935,-0.9527683854103088,0.00010932251461781561,-0.3036978840827942,0.30356600880622864,-0.029125362634658813,-0.9523651599884033
410,1648716790.4137843,-226.80386352539062,-217.57167053222656,1726.0855712890625,-0.010340318083763123,0.8594464659690857,-0.5111210942268372,-0.9576932191848755,0.1385049968957901,0.2522699236869812,0.28760531544685364,0.49210578203201294,0.8216539025306702
300,1648716790.462885,41.44179916381836,-55.602272033691406,1610.250244140625,0.9988645315170288,-0.044582318514585495,0.016796303912997246,0.047618668526411057,0.9451616406440735,-0.323112815618515,-0.0014701051404699683,0.3235457241535187,0.9462113976478577
4,1648716790.4629118,-254.84046936035156,-116.29443359375,1711.5250244140625,-0.014420270919799805,-0.9995055198669434,0.027942843735218048,-0.9532413482666016,0.005305316764861345,-0.3021634519100189,0.3018657863140106,-0.03099355287849903,-0.9528465270996094
410,1648716790.4629314,-226.69992065429688,-217.57701110839844,1726.16455078125,-0.010584508068859577,0.8588970899581909,-0.5120388269424438,-0.959148645401001,0.13605129718780518,0.24804013967514038,0.28270450234413147,0.49374672770500183,0.8223699331283569
300,1648716790.512472,41.444984436035156,-55.60178756713867,1610.2440185546875,0.9988573789596558,-0.04468188434839249,0.016953982412815094,0.04776498302817345,0.9449312686920166,-0.3237643539905548,-0.0015539478044956923,0.3242042064666748,0.9459858536720276
4,1648716790.5124984,-254.84222412109375,-116.31562805175781,1711.4798583984375,-0.010419508442282677,-0.9995763301849365,0.027176249772310257,-0.9529657959938049,0.0016937623731791973,-0.30307310819625854,0.30289867520332336,-0.02905591018497944,-0.9525797367095947
410,1648716790.5125165,-226.66224670410156,-217.65599060058594,1726.1365966796875,-0.010667654685676098,0.8584568500518799,-0.5127748250961304,-0.9577792286872864,0.13856835663318634,0.25190824270248413,0.2873067259788513,0.4938123822212219,0.820733904838562
300,1648716790.5619843,41.451438903808594,-55.607784271240234,1610.2239990234375,0.9988663792610168,-0.04452522099018097,0.016836682334542274,0.04757801815867424,0.9450976252555847,-0.3233060836791992,-0.0015170344850048423,0.3237406313419342,0.9461446404457092
4,1648716790.5620098,-254.83538818359375,-116.29998779296875,1711.5164794921875,-0.01239961851388216,-0.9995927214622498,0.025703392922878265,-0.9529911279678345,0.004030976444482803,-0.30297139286994934,0.30274438858032227,-0.028251834213733673,-0.9526529908180237
410,1648716790.5620296,-226.81211853027344,-217.4636688232422,1726.211669921875,-0.005654682405292988,0.8591713905334473,-0.511656641960144,-0.9590203762054443,0.14028772711753845,0.2461692839860916,0.28328076004981995,0.4920811653137207,0.8231695890426636
300,1648716790.6112983,41.45335388183594,-55.597713470458984,1610.2127685546875,0.9988570809364319,-0.04477797448635101,0.016718881204724312,0.047780077904462814,0.9448269605636597,-0.32406654953956604,-0.001285405596718192,0.32449498772621155,0.9458865523338318
4,1648716790.6113253,-254.82102966308594,-116.32073211669922,1711.475341796875,-0.012632482685148716,-0.9995394349098206,0.027591893449425697,-0.9529919028282166,0.0036807407159358263,-0.30297333002090454,0.3027322590351105,-0.03012215718626976,-0.9525995254516602
410,1648716790.6113424,-226.7667694091797,-217.44985961914062,1726.3572998046875,-0.007952069863677025,0.858795702457428,-0.5122565031051636,-0.9584113955497742,0.13959984481334686,0.24891652166843414,0.28527936339378357,0.49293187260627747,0.8219695091247559
300,1648716790.660674,41.4431266784668,-55.60090255737305,1610.226318359375,0.9988604784011841,-0.04455139860510826,0.017113739624619484,0.04769366979598999,0.9448725581169128,-0.3239462673664093,-0.0017380431527271867,0.3243933618068695,0.9459207057952881
4,1648716790.6607015,-254.8175048828125,-116.29557800292969,1711.4510498046875,-0.011362835764884949,-0.9995532631874084,0.027644243091344833,-0.9531240463256836,0.0024669794365763664,-0.3025698661804199,0.3023664951324463,-0.02978644333779812,-0.9527262449264526
410,1648716790.66072,-226.77549743652344,-217.56268310546875,1726.385986328125,-0.009256575256586075,0.8567767143249512,-0.5156044960021973,-0.9571565389633179,0.14164893329143524,0.2525607943534851,0.28942304849624634,0.4958520829677582,0.8187582492828369
300,1648716790.7100203,41.453834533691406,-55.59164047241211,1610.2596435546875,0.9988522529602051,-0.04468480125069618,0.017245594412088394,0.04786179959774017,0.9450126886367798,-0.32351237535476685,-0.0018412204226478934,0.32396647334098816,0.9460667967796326
4,1648716790.710047,-254.87315368652344,-116.31228637695312,1711.4697265625,-0.013601168990135193,-0.999540388584137,0.02709236741065979,-0.9530724883079529,0.0047641028650105,-0.30270469188690186,0.302436500787735,-0.02993812784552574,-0.9526992440223694
410,1648716790.7100785,-226.81271362304688,-217.4988250732422,1726.1990966796875,-0.009307164698839188,0.8584627509117126,-0.5127914547920227,-0.9573821425437927,0.14039252698421478,0.2524071931838989,0.2886742651462555,0.4932865798473358,0.8205702304840088
300,1648716790.7593684,41.44062042236328,-55.603389739990234,1610.24169921875,0.9988677501678467,-0.04447774589061737,0.016879865899682045,0.04754742234945297,0.9450284242630005,-0.3235127329826355,-0.0015628382097929716,0.32394900918006897,0.9460732340812683
4,1648716790.759395,-254.90521240234375,-116.30557250976562,1711.4737548828125,-0.011583058163523674,-0.9995837807655334,0.02642148919403553,-0.9532067179679871,0.0030550025403499603,-0.30230385065078735,0.3020973205566406,-0.02868674509227276,-0.9528453350067139
410,1648716790.7594135,-226.7372283935547,-217.5447235107422,1726.131103515625,-0.011203665286302567,0.8589662313461304,-0.5119096636772156,-0.957554042339325,0.13825063407421112,0.2529366910457611,0.28803589940071106,0.49301499128341675,0.8209577202796936
300,1648716790.8087692,41.448036193847656,-55.59929656982422,1610.2469482421875,0.998855471611023,-0.04455242305994034,0.0174008347094059,0.04778723418712616,0.9449557662010193,-0.3236895501613617,-0.00202186475507915,0.32415062189102173,0.9460033178329468
4,1648716790.8087957,-254.93397521972656,-116.32027435302734,1711.47900390625,-0.014466562308371067,-0.9995691180229187,0.025540966540575027,-0.9530807733535767,0.006060298997908831,-0.30265551805496216,0.3023703396320343,-0.02872098796069622,-0.952757716178894
410,1648716790.8088129,-226.65748596191406,-217.61602783203125,1726.1837158203125,-0.01144375465810299,0.8582907319068909,-0.5130360722541809,-0.9576847553253174,0.13815650343894958,0.25249287486076355,0.2875915765762329,0.49421632289886475,0.8203909397125244
300,1648716790.840734,41.44973373413086,-55.59331130981445,1610.238525390625,0.9988566637039185,-0.044745735824108124,0.016827508807182312,0.04778305068612099,0.9452309608459473,-0.32288575172424316,-0.0014581214636564255,0.3233206570148468,0.9462883472442627
4,1648716790.8407595,-254.8813018798828,-116.2882080078125,1711.39404296875,-0.008229915052652359,-0.999603807926178,0.026916181668639183,-0.953312873840332,-0.0002826913842000067,-0.3019842505455017,0.30187222361564636,-0.028144847601652145,-0.9529328346252441
410,1648716790.8407784,-226.7972412109375,-217.49285888671875,1726.08154296875,-0.010155980475246906,0.8582614064216614,-0.5131123065948486,-0.9574730396270752,0.13962139189243317,0.25249001383781433,0.2883438766002655,0.4938555061817169,0.8203441500663757
300,1648716790.8832157,41.441959381103516,-55.59048080444336,1610.2467041015625,0.9988558292388916,-0.044792890548706055,0.016750577837228775,0.04780363664031029,0.9450299143791199,-0.32347068190574646,-0.0013406103244051337,0.32390132546424866,0.9460899233818054
4,1648716790.8832393,-254.91183471679688,-116.28728485107422,1711.3909912109375,-0.008849792182445526,-0.9996165633201599,0.02623787336051464,-0.9533873796463013,0.0005202366155572236,-0.301748663187027,0.301619291305542,-0.027685269713401794,-0.9530264139175415
410,1648716790.8832576,-227.008056640625,-217.56143188476562,1725.9501953125,-0.011415824294090271,0.8603114485740662,-0.5096409320831299,-0.9571877717971802,0.13802707195281982,0.25444066524505615,0.2892424464225769,0.4907267093658447,0.8219039440155029
300,1648716790.9307485,41.44561004638672,-55.59956359863281,1610.235595703125,0.9988582134246826,-0.0444607213139534,0.01747799478471279,0.04772555083036423,0.9449494481086731,-0.32371723651885986,-0.0021231200080364943,0.32418176531791687,0.9459924101829529
4,1648716790.930775,-254.90902709960938,-116.29839324951172,1711.40673828125,-0.01111165527254343,-0.9995641708374023,0.027349716052412987,-0.9532923102378845,0.002332958159968257,-0.3020402193069458,0.3018447756767273,-0.02942844107747078,-0.9529027938842773
410,1648716790.9307935,-226.97811889648438,-217.5916290283203,1725.97509765625,-0.011876529082655907,0.8604156970977783,-0.5094543695449829,-0.9576085805892944,0.13686881959438324,0.25348129868507385,0.2878277003765106,0.49086833000183105,0.8223159313201904
300,1648716790.9625828,41.443214416503906,-55.59536361694336,1610.23828125,0.9988566637039185,-0.044688720256090164,0.01698000356554985,0.047778576612472534,0.9451962113380432,-0.3229881525039673,-0.0016155079938471317,0.3234301507472992,0.9462506771087646
4,1648716790.962608,-254.88180541992188,-116.32510375976562,1711.3292236328125,-0.014564086683094501,-0.9995372295379639,0.02670549973845482,-0.9531663656234741,0.005809191148728132,-0.3023906946182251,0.3020956218242645,-0.029858829453587532,-0.9528098702430725
410,1648716790.962628,-227.1071014404297,-217.5236053466797,1725.88232421875,-0.008315450511872768,0.8603546619415283,-0.5096279978752136,-0.9580350518226624,0.1391795128583908,0.2505950331687927,0.28653037548065186,0.49032527208328247,0.8230926394462585
300,1648716790.9998522,41.43537902832031,-55.60193634033203,1610.2225341796875,0.9988663196563721,-0.04446715489029884,0.016992511227726936,0.04757413640618324,0.9449801445007324,-0.32364988327026367,-0.001665795687586069,0.324091374874115,0.9460242986679077
4,1648716790.999879,-254.79420471191406,-116.30072784423828,1711.29736328125,-0.0076207504607737064,-0.9995837211608887,0.027826370671391487,-0.9535634517669678,-0.0011146230390295386,-0.3011901378631592,0.30109578371047974,-0.028829503804445267,-0.9531580209732056
410,1648716790.9998965,-227.04925537109375,-217.46559143066406,1725.849853515625,-0.009236241690814495,0.8596808910369873,-0.5107479691505432,-0.9582847952842712,0.13830602169036865,0.25012335181236267,0.2856657803058624,0.4917522072792053,0.8225417137145996
300,1648716791.0492804,41.45869445800781,-55.59200668334961,1610.21728515625,0.9988544583320618,-0.0446600541472435,0.01718212105333805,0.047817327082157135,0.9451044201850891,-0.3232508599758148,-0.001802497310563922,0.3237021863460541,0.9461573362350464
4,1648716791.0493073,-254.82212829589844,-116.31150817871094,1711.314453125,-0.012410564348101616,-0.9995377659797668,0.0277529526501894,-0.9534405469894409,0.0034651230089366436,-0.301561176776886,0.30132561922073364,-0.030203334987163544,-0.9530428051948547
410,1648716791.0493264,-227.00209045410156,-217.4095458984375,1725.826904296875,-0.007020996883511543,0.8590943217277527,-0.5117691159248352,-0.95827716588974,0.14046719670295715,0.24894551932811737,0.2857544422149658,0.4921644926071167,0.8222642540931702
300,1648716791.084201,41.44407653808594,-55.6038703918457,1610.221923828125,0.9988653659820557,-0.044510748237371445,0.016934899613261223,0.04759703949093819,0.9449108839035034,-0.32384857535362244,-0.0015872293151915073,0.32428717613220215,0.945957362651825
4,1648716791.0842276,-254.8444061279297,-116.3096923828125,1711.1566162109375,-0.010684461332857609,-0.9995570778846741,0.027775514870882034,-0.9538264870643616,0.0018494963878765702,-0.3003524839878082,0.30016806721687317,-0.02970212697982788,-0.953423798084259
410,1648716791.0842454,-226.99594116210938,-217.5778045654297,1725.6611328125,-0.010327012278139591,0.8595173954963684,-0.5110021829605103,-0.9578033685684204,0.13829264044761658,0.2519679665565491,0.2872386872768402,0.492041677236557,0.8218204975128174
300,1648716791.1183577,41.435359954833984,-55.59921646118164,1610.2255859375,0.9988550543785095,-0.044648803770542145,0.017177553847432137,0.047806549817323685,0.9448602795600891,-0.323965460062027,-0.001765719149261713,0.32441574335098267,0.9459129571914673
4,1648716791.118385,-254.87513732910156,-116.32201385498047,1711.1668701171875,-0.013934312388300896,-0.9995719790458679,0.025723574683070183,-0.9539015293121338,0.005575524643063545,-0.30006805062294006,0.2997961938381195,-0.028718998655676842,-0.9535709023475647
410,1648716791.1184044,-227.12411499023438,-217.59234619140625,1725.41552734375,-0.010329618118703365,0.861777663230896,-0.5071810483932495,-0.9584872126579285,0.13600260019302368,0.2506103217601776,0.28494831919670105,0.488715261220932,0.8245980143547058
300,1648716791.1677413,41.447967529296875,-55.60812759399414,1610.2357177734375,0.9988667368888855,-0.044494181871414185,0.016896452754735947,0.047569192945957184,0.944851815700531,-0.32402503490448,-0.0015474146930500865,0.32446157932281494,0.94589763879776
4,1648716791.1677668,-254.83544921875,-116.29558563232422,1711.136474609375,-0.008944203145802021,-0.9995623826980591,0.028197454288601875,-0.9540640115737915,8.53428355185315e-05,-0.29960280656814575,0.2994692921638489,-0.029581885784864426,-0.953647255897522
410,1648716791.1677873,-227.04051208496094,-217.51112365722656,1725.6068115234375,-0.010915313847362995,0.8588624596595764,-0.5120900273323059,-0.9582653641700745,0.13732251524925232,0.2507389485836029,0.28567174077033997,0.49345502257347107,0.8215191960334778
300,1648716791.21689,41.43130111694336,-55.59807586669922,1610.2528076171875,0.998857319355011,-0.04451679810881615,0.017385417595505714,0.04774753004312515,0.9451174736022949,-0.32322296500205994,-0.0020424104295670986,0.3236837685108185,0.9461631178855896
4,1648716791.2169168,-254.93788146972656,-116.32952880859375,1711.075927734375,-0.014335607178509235,-0.9995847940444946,0.02499488741159439,-0.953689694404602,0.006157586816698313,-0.3007291257381439,0.3004503548145294,-0.028148502111434937,-0.9533820152282715
410,1648716791.2169347,-227.0654754638672,-217.48611450195312,1725.62451171875,-0.008242516778409481,0.8588977456092834,-0.5120807886123657,-0.9585086703300476,0.1391381472349167,0.24880053102970123,0.28494417667388916,0.49288463592529297,0.8221140503883362
300,1648716791.2490017,41.42776107788086,-55.60205841064453,1610.24853515625,0.9988556504249573,-0.04467371851205826,0.01707710139453411,0.04779515042901039,0.9453145861625671,-0.322639137506485,-0.001729742158204317,0.32308611273765564,0.9463679790496826
4,1648716791.2490273,-254.86390686035156,-116.3055648803711,1711.1297607421875,-0.009793991222977638,-0.9995560050010681,0.028139453381299973,-0.9537192583084106,0.0008796566398814321,-0.30069711804389954,0.3005388677120209,-0.029782164841890335,-0.9533044695854187
410,1648716791.249047,-227.1201934814453,-217.4578399658203,1725.6494140625,-0.011763501912355423,0.8595547676086426,-0.5109082460403442,-0.9584214687347412,0.13599489629268646,0.2508658766746521,0.2851138710975647,0.4926165044307709,0.8222159147262573
300,1648716791.2859955,41.444244384765625,-55.60161209106445,1610.226806640625,0.9988639950752258,-0.04458523914217949,0.016818413510918617,0.04762878268957138,0.9451180696487427,-0.3232388496398926,-0.0014837053604424,0.32367271184921265,0.9461679458618164
4,1648716791.286022,-254.90481567382812,-116.296142578125,1711.0697021484375,-0.012734265998005867,-0.9995880126953125,0.025722011923789978,-0.9540727138519287,0.004446421284228563,-0.2995421290397644,0.29930436611175537,-0.02835511974990368,-0.9537363052368164
410,1648716791.28604,-226.95230102539062,-217.42897033691406,1725.5684814453125,-0.007634656969457865,0.8584134578704834,-0.5129016041755676,-0.9592304229736328,0.1386275738477707,0.24629122018814087,0.2825219929218292,0.49387118220329285,0.8223579525947571
300,1648716791.3349133,41.44876480102539,-55.604923248291016,1610.224853515625,0.9988619089126587,-0.0445224866271019,0.017106205224990845,0.04766156151890755,0.94529789686203,-0.3227076828479767,-0.0018027116311714053,0.3231557011604309,0.9463440775871277
4,1648716791.3349397,-254.74354553222656,-116.28889465332031,1711.1075439453125,-0.008401751518249512,-0.9995380640029907,0.02920684777200222,-0.9537923336029053,-0.0007624825229868293,-0.3004657030105591,0.3003491759300232,-0.0303817056119442,-0.9533453583717346
410,1648716791.3349588,-226.90345764160156,-217.50294494628906,1725.619384765625,-0.01248926855623722,0.8593822717666626,-0.5111811757087708,-0.9575695991516113,0.13692882657051086,0.25359609723091125,0.2879314124584198,0.4926587641239166,0.8212081789970398
300,1648716791.3860514,41.4342155456543,-55.593994140625,1610.2244873046875,0.9988570809364319,-0.04466284438967705,0.017021432518959045,0.04776788875460625,0.9451192021369934,-0.3232150375843048,-0.0016515804454684258,0.32365870475769043,0.9461724758148193
4,1648716791.3860755,-254.87698364257812,-116.30986785888672,1711.116943359375,-0.013712100684642792,-0.9995438456535339,0.02690897136926651,-0.9540324211120605,0.005020502023398876,-0.2996612787246704,0.29938948154449463,-0.02978101745247841,-0.953666090965271
410,1648716791.3860931,-226.9110565185547,-217.50222778320312,1725.630126953125,-0.008128846064209938,0.8596636056900024,-0.5107958912849426,-0.9579808712005615,0.1397685706615448,0.25047430396080017,0.28671684861183167,0.49136874079704285,0.8224051594734192
300,1648716791.4187632,41.453338623046875,-55.59990310668945,1610.204345703125,0.9988602995872498,-0.0446871779859066,0.01676826737821102,0.04770969599485397,0.944953441619873,-0.3237079083919525,-0.0013796386774629354,0.32413896918296814,0.9460084438323975
4,1648716791.4187887,-254.79124450683594,-116.30355072021484,1711.09326171875,-0.008744865655899048,-0.9995447397232056,0.02887716516852379,-0.9539440870285034,-0.0003207264526281506,-0.2999842166900635,0.29985690116882324,-0.03017052449285984,-0.9535070061683655
410,1648716791.4188075,-226.8519287109375,-217.49032592773438,1725.5972900390625,-0.012273524887859821,0.8591325879096985,-0.5116057991981506,-0.957619309425354,0.13715052604675293,0.2532884478569031,0.2877753674983978,0.4930323362350464,0.8210386633872986
300,1648716791.4534223,41.45260238647461,-55.60071563720703,1610.2135009765625,0.9988650679588318,-0.04448338970541954,0.017024965956807137,0.04759997874498367,0.9449856281280518,-0.3236299753189087,-0.0016921900678426027,0.32407304644584656,0.9460305571556091
4,1648716791.453463,-254.80455017089844,-116.29164123535156,1711.193115234375,-0.010002435185015202,-0.9995468258857727,0.028391998261213303,-0.9540479779243469,0.0010355529375374317,-0.2996520400047302,0.29948684573173523,-0.030084578320384026,-0.9536259770393372
410,1648716791.4534838,-226.79312133789062,-217.4486846923828,1725.5439453125,-0.008959443308413029,0.8588147759437561,-0.5122078061103821,-0.9589304327964783,0.13784338533878326,0.24789433181285858,0.2834997773170471,0.493392676115036,0.8223086595535278
300,1648716791.5022995,41.440338134765625,-55.60015869140625,1610.20947265625,0.9988559484481812,-0.044595371931791306,0.017264030873775482,0.047782961279153824,0.945051372051239,-0.3234110176563263,-0.0018927615601569414,0.32386595010757446,0.9461010694503784
4,1648716791.5023265,-254.74176025390625,-116.30065155029297,1711.098876953125,-0.009871815331280231,-0.9994910955429077,0.03033274970948696,-0.9540809392929077,0.00033254254958592355,-0.29954877495765686,0.29938623309135437,-0.031896986067295074,-0.95359867811203
410,1648716791.5023448,-226.75648498535156,-217.4123992919922,1725.496826171875,-0.010070915333926678,0.8592039942741394,-0.5115339756011963,-0.958179771900177,0.13801631331443787,0.25068503618240356,0.2859896421432495,0.4926661550998688,0.8218819499015808
300,1648716791.5517051,41.44413375854492,-55.60873031616211,1610.2154541015625,0.9988610148429871,-0.044434599578380585,0.01738349162042141,0.047670878469944,0.9448441863059998,-0.3240322470664978,-0.002026449190452695,0.3244918882846832,0.9458863139152527
4,1648716791.551731,-254.74838256835938,-116.29883575439453,1711.0838623046875,-0.009996717795729637,-0.9995129108428955,0.029564538970589638,-0.9542942643165588,0.000704261299688369,-0.2988678812980652,0.2987014949321747,-0.031200967729091644,-0.9538364410400391
410,1648716791.5517497,-226.7350616455078,-217.41696166992188,1725.4891357421875,-0.008171295747160912,0.8594881296157837,-0.5110903978347778,-0.9586498141288757,0.1386670023202896,0.24851971864700317,0.2844711244106293,0.4919874370098114,0.8228150010108948
300,1648716791.58669,41.455413818359375,-55.60043716430664,1610.2117919921875,0.9988567233085632,-0.044701993465423584,0.016939802095294,0.04777917638421059,0.9449792504310608,-0.32362231612205505,-0.0015411981148645282,0.32406172156333923,0.9460346698760986
4,1648716791.5867152,-254.72010803222656,-116.30400848388672,1711.1175537109375,-0.009674768894910812,-0.9995560050010681,0.028182199224829674,-0.9540887475013733,0.0007897241157479584,-0.29952293634414673,0.29936766624450684,-0.029786136001348495,-0.9536727666854858
410,1648716791.5867329,-226.5941925048828,-217.4501953125,1725.4658203125,-0.01126673724502325,0.8598238825798035,-0.5104663372039795,-0.9578883647918701,0.13720083236694336,0.2522415816783905,0.2869197428226471,0.49181172251701355,0.822069525718689
300,1648716791.620848,41.445762634277344,-55.601680755615234,1610.21923828125,0.9988628029823303,-0.04451637342572212,0.01707107573747635,0.047645773738622665,0.9450497627258301,-0.3234359622001648,-0.0017348207766190171,0.32388150691986084,0.9460960626602173
4,1648716791.6208751,-254.6927032470703,-116.27790069580078,1711.1192626953125,-0.0079960897564888,-0.9995195269584656,0.029947085306048393,-0.9543117880821228,-0.001318349619396031,-0.298809677362442,0.2987055778503418,-0.030968165025115013,-0.9538426995277405
410,1648716791.6208937,-226.54620361328125,-217.50778198242188,1725.413818359375,-0.009918521158397198,0.8588896989822388,-0.512064516544342,-0.9575680494308472,0.13934959471225739,0.2522799074649811,0.288036584854126,0.49283885955810547,0.821063220500946
300,1648716791.6697237,41.441001892089844,-55.59103775024414,1610.2218017578125,0.9988583326339722,-0.044757191091775894,0.01669798046350479,0.047753069549798965,0.9449719190597534,-0.3236476182937622,-0.001293565146625042,0.32407549023628235,0.94603031873703
4,1648716791.6697505,-254.74325561523438,-116.31651306152344,1711.0653076171875,-0.01152467355132103,-0.9995151162147522,0.028926104307174683,-0.9541608095169067,0.0023403726518154144,-0.2992852032184601,0.29907238483428955,-0.031049318611621857,-0.9537251591682434
410,1648716791.6697702,-226.62173461914062,-217.42503356933594,1725.424072265625,-0.010892784222960472,0.8597712516784668,-0.5105631351470947,-0.9587267637252808,0.136098712682724,0.24963994324207306,0.28412023186683655,0.49220985174179077,0.822803258895874
300,1648716791.7190566,41.44797134399414,-55.606346130371094,1610.2352294921875,0.9988648891448975,-0.044409409165382385,0.01722656935453415,0.04759485274553299,0.9450656771659851,-0.3233969509601593,-0.001918373629450798,0.32384973764419556,0.9461065530776978
4,1648716791.7190828,-254.7178955078125,-116.29141235351562,1711.0377197265625,-0.00848062802106142,-0.9995366930961609,0.029231907799839973,-0.9542973637580872,-0.0006434472743421793,-0.29885801672935486,0.29873836040496826,-0.03043043613433838,-0.9538497924804688
410,1648716791.7191005,-226.73143005371094,-217.40057373046875,1725.4124755859375,-0.010820078663527966,0.8597078323364258,-0.5106714963912964,-0.9588713049888611,0.13594068586826324,0.24917061626911163,0.2836349606513977,0.4923642873764038,0.8228782415390015
300,1648716791.7504516,41.44108200073242,-55.59775161743164,1610.2239990234375,0.9988622665405273,-0.04439345374703407,0.01741677336394787,0.04764173552393913,0.9450052380561829,-0.3235666751861572,-0.0020946981385350227,0.3240283131599426,0.9460450410842896
4,1648716791.7504766,-254.84918212890625,-116.29953002929688,1711.02880859375,-0.011908856220543385,-0.9995763301849365,0.026558365672826767,-0.9543182849884033,0.0034313914366066456,-0.2987722158432007,0.29855450987815857,-0.028903167694807053,-0.953954815864563
410,1648716791.7504952,-226.76878356933594,-217.40664672851562,1725.3836669921875,-0.008777545765042305,0.8595503568649292,-0.5109756588935852,-0.9596630930900574,0.136362224817276,0.2458701729774475,0.2810155749320984,0.49252262711524963,0.8236818313598633
300,1648716791.788231,41.4395637512207,-55.60360336303711,1610.1981201171875,0.998866617679596,-0.04450690746307373,0.016869015991687775,0.04757168889045715,0.9449865221977234,-0.3236316442489624,-0.0015371477929875255,0.3240673542022705,0.9460327625274658
4,1648716791.788257,-254.88613891601562,-116.29983520507812,1711.0321044921875,-0.009297115728259087,-0.9995696544647217,0.027822598814964294,-0.9541283249855042,0.0005408592987805605,-0.29939743876457214,0.29925352334976196,-0.02932986244559288,-0.9537227749824524
410,1648716791.7882745,-226.90603637695312,-217.536376953125,1725.236083984375,-0.011450675316154957,0.8594624400138855,-0.5110706090927124,-0.9578213691711426,0.13733844459056854,0.25242096185684204,0.2871359586715698,0.4924047589302063,0.8216388821601868
300,1648716791.837484,41.452518463134766,-55.59633255004883,1610.198974609375,0.9988614916801453,-0.04467037692666054,0.016741957515478134,0.04768558219075203,0.9448809623718262,-0.32392290234565735,-0.0013493997976183891,0.3243524432182312,0.9459353685379028
4,1648716791.8375127,-254.8746795654297,-116.32263946533203,1711.03955078125,-0.013197597116231918,-0.9995459318161011,0.0270877443253994,-0.9542028903961182,0.0044925631955266,-0.2991265058517456,0.29886898398399353,-0.029794953763484955,-0.9538289308547974
410,1648716791.837531,-226.9293670654297,-217.49740600585938,1725.2362060546875,-0.01166724693030119,0.8601763844490051,-0.5098631978034973,-0.9589722156524658,0.13481798768043518,0.24939203262329102,0.28325986862182617,0.49185436964035034,0.8233122825622559
300,1648716791.888555,41.43612289428711,-55.605770111083984,1610.220947265625,0.9988676309585571,-0.04446680098772049,0.01691681332886219,0.047548942267894745,0.9450473189353943,-0.32345736026763916,-0.0016040748450905085,0.3238954544067383,0.9460915327072144
4,1648716791.8885806,-254.85264587402344,-116.29779052734375,1711.014404296875,-0.009014207869768143,-0.9995318651199341,0.029237214475870132,-0.9543060660362244,-0.00013473325816448778,-0.29883089661598206,0.2986949384212494,-0.030594974756240845,-0.9538580775260925
410,1648716791.8885982,-226.87393188476562,-217.43899536132812,1725.395263671875,-0.01143198274075985,0.8596689105033875,-0.5107236504554749,-0.9581783413887024,0.13663914799690247,0.2514438331127167,0.28594329953193665,0.492238849401474,0.8221541047096252
300,1648716791.9245076,41.43428421020508,-55.595008850097656,1610.2308349609375,0.9988540410995483,-0.04472864791750908,0.017026256769895554,0.04783289134502411,0.9448801875114441,-0.3239034414291382,-0.001600010204128921,0.3243466913700104,0.945936918258667
4,1648716791.924533,-254.86129760742188,-116.32463073730469,1711.02734375,-0.013136548921465874,-0.999554455280304,0.026801124215126038,-0.9543351531028748,0.004533098079264164,-0.2987036108970642,0.29844900965690613,-0.029501188546419144,-0.9539695382118225
410,1648716791.9245512,-226.72048950195312,-217.40518188476562,1725.411865234375,-0.009014432318508625,0.85950767993927,-0.5110433101654053,-0.9594529271125793,0.13655075430870056,0.24658450484275818,0.28172463178634644,0.4925448000431061,0.8234263062477112
300,1648716791.9614925,41.451541900634766,-55.59842300415039,1610.212646484375,0.9988673329353333,-0.04454254359006882,0.016734015196561813,0.04756055399775505,0.9452382326126099,-0.3228973150253296,-0.0014349640114232898,0.3233274519443512,0.9462860822677612
4,1648716791.9615316,-254.77194213867188,-116.27729797363281,1711.0242919921875,-0.008719881996512413,-0.999541163444519,0.029008347541093826,-0.9547316431999207,-0.0003040560695808381,-0.29746830463409424,0.29734063148498535,-0.030289076268672943,-0.9542909264564514
410,1648716791.9615517,-226.56158447265625,-217.4892578125,1725.362060546875,-0.010468862019479275,0.8589463829994202,-0.5119585394859314,-0.9578169584274292,0.13843074440956116,0.25184038281440735,0.28718817234039307,0.49299904704093933,0.8212642073631287
300,1648716792.0046825,41.44389343261719,-55.597557067871094,1610.2332763671875,0.9988650679588318,-0.044432803988456726,0.017156057059764862,0.04759472608566284,0.9449644088745117,-0.32369282841682434,-0.0018292829627171159,0.3241419792175293,0.9460066556930542
4,1648716792.0047085,-254.76100158691406,-116.29417419433594,1710.9921875,-0.010689139366149902,-0.9995664954185486,0.027432680130004883,-0.9545645713806152,0.0020294918213039637,-0.2979971766471863,0.2978123426437378,-0.0293715987354517,-0.9541724920272827
410,1648716792.0047271,-226.499755859375,-217.44407653808594,1725.4656982421875,-0.008484512567520142,0.858629584312439,-0.5125263929367065,-0.9587332010269165,0.13867563009262085,0.24819284677505493,0.2841806411743164,0.4934818744659424,0.8220200538635254
300,1648716792.0540133,41.435516357421875,-55.60377883911133,1610.228759765625,0.9988552331924438,-0.044624537229537964,0.01723061129450798,0.047799475491046906,0.9450953602790833,-0.3232800364494324,-0.001858348143287003,0.3237335681915283,0.9461464285850525
4,1648716792.0540566,-254.7540283203125,-116.2869873046875,1711.00732421875,-0.008510231040418148,-0.9995126128196716,0.0300343856215477,-0.9545984268188477,-0.000823627517092973,-0.29789453744888306,0.297774076461792,-0.031205927953124046,-0.9541261792182922
410,1648716792.054079,-226.5038604736328,-217.44085693359375,1725.433837890625,-0.013408725149929523,0.858204185962677,-0.5131332874298096,-0.9576072692871094,0.1366666555404663,0.2535952925682068,0.2877647578716278,0.4947805404663086,0.8199900388717651
300,1648716792.0953634,41.4487190246582,-55.59590530395508,1610.2159423828125,0.9988552331924438,-0.0447203665971756,0.01698102056980133,0.04780978709459305,0.9450041651725769,-0.323544979095459,-0.0015780857065692544,0.3239864408969879,0.9460604190826416
4,1648716792.0953891,-254.7438507080078,-116.3292465209961,1710.976806640625,-0.011416438035666943,-0.9995302557945251,0.028442203998565674,-0.9543571472167969,0.0024019917473196983,-0.2986581325531006,0.2984495162963867,-0.030553633347153664,-0.9539362192153931
410,1648716792.0954077,-226.4633026123047,-217.44651794433594,1725.4566650390625,-0.011251462623476982,0.8580115437507629,-0.5135071873664856,-0.9584740400314331,0.13709226250648499,0.2500665485858917,0.2849578559398651,0.49499690532684326,0.8208392858505249
300,1648716792.13008,41.445613861083984,-55.599952697753906,1610.2340087890625,0.9988642930984497,-0.044474899768829346,0.017090165987610817,0.04761280491948128,0.9450348019599915,-0.3234845995903015,-0.0017638560384511948,0.32393091917037964,0.9460790753364563
4,1648716792.1301064,-254.7314453125,-116.28887176513672,1710.9444580078125,-0.009285896085202694,-0.9995952248573303,0.026891913264989853,-0.9545803666114807,0.0008519725524820387,-0.2979522943496704,0.29780876636505127,-0.02843724563717842,-0.954201877117157
410,1648716792.1301255,-226.53726196289062,-217.4488067626953,1725.2293701171875,-0.009805482812225819,0.857922375202179,-0.5136858224868774,-0.9586922526359558,0.13797712326049805,0.24873977899551392,0.2842763066291809,0.49490562081336975,0.8211305737495422
300,1648716792.172169,41.44181442260742,-55.59847640991211,1610.2353515625,0.9988637566566467,-0.044487133622169495,0.017092034220695496,0.04762560501694679,0.9449195265769958,-0.32381919026374817,-0.0017448095604777336,0.3242652416229248,0.9459645748138428
4,1648716792.1721961,-254.67747497558594,-116.28252410888672,1710.9678955078125,-0.009392008185386658,-0.9995288252830505,0.02922113984823227,-0.9546900391578674,0.0002703180070966482,-0.2976018786430359,0.29745376110076904,-0.03069221042096615,-0.9542427659034729
410,1648716792.1722162,-226.4678497314453,-217.4149932861328,1725.1392822265625,-0.010890793986618519,0.8576079607009888,-0.5141887068748474,-0.958877682685852,0.13688968122005463,0.24862587451934814,0.28361064195632935,0.4957517981529236,0.8208502531051636
300,1648716792.2103598,41.440406799316406,-55.588584899902344,1610.24951171875,0.9988554120063782,-0.04451240226626396,0.01750761643052101,0.04778348654508591,0.9450314044952393,-0.3234693706035614,-0.002146848477423191,0.32393568754196167,0.9460766911506653
4,1648716792.2103853,-254.7194061279297,-116.28376007080078,1710.8817138671875,-0.009145462885499,-0.9995774626731873,0.0275904331356287,-0.9546327590942383,0.0005147501942701638,-0.29778528213500977,0.2976452708244324,-0.029062116518616676,-0.9542340636253357
410,1648716792.2104025,-226.34959411621094,-217.46670532226562,1725.05322265625,-0.012548966333270073,0.8576596975326538,-0.5140645503997803,-0.9582275152206421,0.13659289479255676,0.25128164887428284,0.285731703042984,0.49574410915374756,0.8201190233230591
300,1648716792.243806,41.44071578979492,-55.593505859375,1610.23046875,0.9988654851913452,-0.044396936893463135,0.017224682494997978,0.04758218303322792,0.9451095461845398,-0.32327067852020264,-0.0019269842887297273,0.3237234950065613,0.9461497664451599
4,1648716792.2438316,-254.72972106933594,-116.275390625,1710.867919921875,-0.008694292977452278,-0.999605119228363,0.02672216109931469,-0.9549064040184021,0.0003683889517560601,-0.29690682888031006,0.29677972197532654,-0.028098557144403458,-0.9545325040817261
410,1648716792.2438512,-226.32713317871094,-217.44851684570312,1724.9410400390625,-0.012529666535556316,0.858195960521698,-0.5131692290306091,-0.9588543176651001,0.1352567821741104,0.2496076077222824,0.2836218476295471,0.495182067155838,0.8211902379989624
300,1648716792.2917197,41.447364807128906,-55.58566665649414,1610.2222900390625,0.9988589882850647,-0.04460202157497406,0.017069820314645767,0.04772636294364929,0.9450520873069763,-0.3234172761440277,-0.0017068054294213653,0.3238629400730133,0.9461024403572083
4,1648716792.2917433,-254.5703887939453,-116.30433654785156,1710.869384765625,-0.00886623002588749,-0.9995378851890564,0.029076198115944862,-0.9547163248062134,-0.0001860293123172596,-0.2975175082683563,0.29738542437553406,-0.030397381633520126,-0.954273521900177
410,1648716792.2917612,-226.13644409179688,-217.46409606933594,1724.85888671875,-0.012405120767652988,0.8573249578475952,-0.514626145362854,-0.9584947228431702,0.13641338050365448,0.2503581643104553,0.2848401963710785,0.49637216329574585,0.8200492262840271
300,1648716792.3393042,41.43714141845703,-55.59376525878906,1610.23486328125,0.9988642930984497,-0.04459754750132561,0.016767552122473717,0.04762478545308113,0.94493168592453,-0.3237839341163635,-0.0014042203547433019,0.32421478629112244,0.9459824562072754
4,1648716792.3393312,-254.60032653808594,-116.2728500366211,1710.82275390625,-0.009034408256411552,-0.9995056390762329,0.03011450543999672,-0.9550302624702454,-0.0003012142260558903,-0.29650822281837463,0.2963706851005554,-0.03143903985619545,-0.9545553922653198
410,1648716792.3393505,-226.0332794189453,-217.408447265625,1724.947021484375,-0.011188308708369732,0.8559204936027527,-0.5169864296913147,-0.9579728245735168,0.13903293013572693,0.25091418623924255,0.2866407334804535,0.498066246509552,0.8183929920196533
300,1648716792.3726697,41.43214416503906,-55.59221649169922,1610.2357177734375,0.9988692402839661,-0.0444861501455307,0.016768643632531166,0.04751951992511749,0.9449898600578308,-0.32362955808639526,-0.0014491649344563484,0.32406044006347656,0.9460352659225464
4,1648716792.3726945,-254.76443481445312,-116.28297424316406,1710.8206787109375,-0.008450009860098362,-0.9995726346969604,0.02798491157591343,-0.9550219178199768,-0.00022865999198984355,-0.29653504490852356,0.29641473293304443,-0.029231928288936615,-0.9546118378639221
410,1648716792.3727121,-226.28912353515625,-217.4506072998047,1724.8856201171875,-0.010941592045128345,0.8579269647598267,-0.5136551260948181,-0.9584288597106934,0.13747386634349823,0.25003015995025635,0.28512176871299744,0.49503761529922485,0.8207578063011169
300,1648716792.4085348,41.442623138427734,-55.59225845336914,1610.2315673828125,0.9988589286804199,-0.044641684740781784,0.016968466341495514,0.04773129150271416,0.9450061917304993,-0.3235507011413574,-0.0015914570540189743,0.32399144768714905,0.9460586905479431
4,1648716792.4085608,-254.85012817382812,-116.29473114013672,1710.853271484375,-0.011525312438607216,-0.9996023774147034,0.025735273957252502,-0.954645574092865,0.0033418608363717794,-0.2977258563041687,0.2975214719772339,-0.027999449521303177,-0.9543044567108154
410,1648716792.40858,-226.31423950195312,-217.30906677246094,1724.83740234375,-0.010435893200337887,0.8580654859542847,-0.5134342908859253,-0.9590498208999634,0.1367519199848175,0.24803690612316132,0.2830450236797333,0.4949975311756134,0.8215004205703735
300,1648716792.4576657,41.44032287597656,-55.589271545410156,1610.22900390625,0.9988603591918945,-0.04458263888955116,0.017040669918060303,0.047698311507701874,0.9451058506965637,-0.3232642114162445,-0.0016932658618316054,0.3237086236476898,0.946155309677124
4,1648716792.4576924,-254.80712890625,-116.28414154052734,1710.743896484375,-0.009348168037831783,-0.9995856285095215,0.027224427089095116,-0.95494544506073,0.0008476680377498269,-0.2967802882194519,0.2966342270374298,-0.02877219393849373,-0.9545576572418213
410,1648716792.4577117,-226.3358612060547,-217.30494689941406,1724.8128662109375,-0.008863672614097595,0.8575509786605835,-0.5143226385116577,-0.9597489833831787,0.13709595799446106,0.2451256364583969,0.2807192802429199,0.49579334259033203,0.821818470954895
300,1648716792.4920914,41.431087493896484,-55.59515380859375,1610.22802734375,0.9988560676574707,-0.04463036358356476,0.017164845019578934,0.047783952206373215,0.9450502395629883,-0.323414146900177,-0.0017875502817332745,0.3238644003868103,0.9461018443107605
4,1648716792.4921165,-254.94239807128906,-116.30664825439453,1710.7574462890625,-0.012673085555434227,-0.9996126294136047,0.02477884292602539,-0.9548577666282654,0.004742883611470461,-0.2970254719257355,0.2967928946018219,-0.02742449939250946,-0.9545480012893677
410,1648716792.4921346,-226.39256286621094,-217.2903594970703,1724.7459716796875,-0.010967504233121872,0.8582609295845032,-0.5130963325500488,-0.9595468640327454,0.13533617556095123,0.24688850343227386,0.2813352644443512,0.4950477182865143,0.82205730676651
300,1648716792.5267112,41.43979263305664,-55.60612106323242,1610.2314453125,0.998863935470581,-0.044397950172424316,0.017309335991740227,0.04761088266968727,0.9450541138648987,-0.3234284520149231,-0.0019986978732049465,0.32388514280319214,0.946094274520874
4,1648716792.526738,-254.92352294921875,-116.30189514160156,1710.71728515625,-0.009576305747032166,-0.9996157288551331,0.026013322174549103,-0.9549388289451599,0.001424598740413785,-0.29679927229881287,0.29664814472198486,-0.027683371677994728,-0.9545854926109314
410,1648716792.5267563,-226.44325256347656,-217.3483428955078,1724.7711181640625,-0.012532415799796581,0.8586791157722473,-0.5123603343963623,-0.9592729806900024,0.13428743183612823,0.24852006137371063,0.2822025418281555,0.49460798501968384,0.8220247626304626
300,1648716792.5777388,41.44377517700195,-55.599525451660156,1610.240966796875,0.9988573789596558,-0.044551119208335876,0.017294328659772873,0.0477515384554863,0.9449467062950134,-0.32372134923934937,-0.001920071430504322,0.3241772949695587,0.9459943771362305
4,1648716792.5777645,-255.02914428710938,-116.28050994873047,1710.7772216796875,-0.013266445137560368,-0.9996005892753601,0.024952612817287445,-0.9551625847816467,0.005286888685077429,-0.2960345447063446,0.2957843840122223,-0.027761127799749374,-0.9548512697219849
410,1648716792.577782,-226.48284912109375,-217.3876495361328,1724.8177490234375,-0.012511465698480606,0.8577882647514343,-0.5138509273529053,-0.9582850933074951,0.13646189868450165,0.2511330842971802,0.2855401039123535,0.4955577254295349,0.8202983736991882
300,1648716792.6252532,41.42454528808594,-55.59307098388672,1610.2159423828125,0.99886554479599,-0.044474609196186066,0.017017124220728874,0.047590021044015884,0.9448137283325195,-0.32413291931152344,-0.001662327442318201,0.3245750665664673,0.9458584785461426
4,1648716792.625279,-255.02447509765625,-116.29005432128906,1710.686279296875,-0.00985259935259819,-0.999687671661377,0.022968005388975143,-0.9549764394760132,0.0025958882179111242,-0.29667019844055176,0.29651790857315063,-0.02485687844455242,-0.9547037482261658
410,1648716792.6252983,-226.62672424316406,-217.40426635742188,1724.6375732421875,-0.01114530861377716,0.8591235280036926,-0.5116469264030457,-0.9590880274772644,0.1355724036693573,0.24853618443012238,0.2828884720802307,0.4934844672679901,0.822464108467102
300,1648716792.658909,41.45030212402344,-55.59942626953125,1610.231201171875,0.9988574385643005,-0.044580284506082535,0.01721726916730404,0.04775398224592209,0.9449754953384399,-0.3236369788646698,-0.0018420687410980463,0.324089378118515,0.9460246562957764
4,1648716792.6589332,-254.9915771484375,-116.3173828125,1710.774169921875,-0.011770989745855331,-0.9996302723884583,0.02451026812195778,-0.9546679854393005,0.0039434474892914295,-0.29764658212661743,0.2974398732185364,-0.026902763172984123,-0.9543614387512207
410,1648716792.6589508,-226.48611450195312,-217.33106994628906,1724.8873291015625,-0.011940523982048035,0.8581327795982361,-0.5132889747619629,-0.959115743637085,0.13533031940460205,0.24856120347976685,0.2827620804309845,0.4952715039253235,0.8214327096939087
300,1648716792.6978846,41.44485855102539,-55.60103988647461,1610.23095703125,0.9988646507263184,-0.044394299387931824,0.017279252409934998,0.0475982166826725,0.9449673891067505,-0.32368361949920654,-0.001958623295649886,0.3241385817527771,0.9460076093673706
4,1648716792.697912,-254.95828247070312,-116.29983520507812,1710.6881103515625,-0.009576244279742241,-0.9996192455291748,0.025878291577100754,-0.955022394657135,0.0014723999192938209,-0.29652994871139526,0.2963789403438568,-0.027553992345929146,-0.9546728730201721
410,1648716792.697931,-226.4326934814453,-217.30081176757812,1724.9554443359375,-0.012308812700212002,0.8572329878807068,-0.5147815942764282,-0.9592991471290588,0.135130375623703,0.24796158075332642,0.28212347626686096,0.4968816339969635,0.8206796050071716
300,1648716792.7475576,41.42159652709961,-55.59900665283203,1610.2381591796875,0.9988597631454468,-0.04448268935084343,0.017333313822746277,0.04769918695092201,0.9449905157089233,-0.3236011266708374,-0.001985168317332864,0.3240589499473572,0.9460347890853882
4,1648716792.747584,-255.0110626220703,-116.2828369140625,1710.762939453125,-0.01319117285311222,-0.9995997548103333,0.025027086958289146,-0.9551013112068176,0.005187109112739563,-0.29623398184776306,0.2959855794906616,-0.02781107649207115,-0.9547874331474304
410,1648716792.747604,-226.68411254882812,-217.3946533203125,1724.64404296875,-0.012909526005387306,0.8597582578659058,-0.5105380415916443,-0.9583814144134521,0.13499018549919128,0.2515604496002197,0.28519880771636963,0.4925377070903778,0.8222336769104004
300,1648716792.7826705,41.44719696044922,-55.5964241027832,1610.2261962890625,0.9988604784011841,-0.044593311846256256,0.01700637862086296,0.04769723489880562,0.9451203346252441,-0.32322216033935547,-0.0016595267225056887,0.3236650228500366,0.9461702704429626
4,1648716792.7826967,-254.91932678222656,-116.30181121826172,1710.7017822265625,-0.009730583056807518,-0.9996128678321838,0.026066647842526436,-0.9547650218009949,0.0015399063704535365,-0.29735738039016724,0.29720211029052734,-0.027780983597040176,-0.9544103741645813
410,1648716792.7827137,-226.58753967285156,-217.30938720703125,1724.7596435546875,-0.011927236802875996,0.8589106798171997,-0.511986494064331,-0.9596501588821411,0.134027361869812,0.2472008615732193,0.2809436619281769,0.49427634477615356,0.822655200958252
300,1648716792.8166704,41.45641326904297,-55.588191986083984,1610.2296142578125,0.9988580346107483,-0.044763658195734024,0.016697794198989868,0.047758519649505615,0.9451223611831665,-0.3232070505619049,-0.0013135288609191775,0.32363542914390564,0.9461809396743774
4,1648716792.8166976,-254.85708618164062,-116.29928588867188,1710.7611083984375,-0.0125122657045722,-0.9995459914207458,0.027409730479121208,-0.9549804329872131,0.0038197641260921955,-0.2966442406177521,0.2964048683643341,-0.029887448996305466,-0.954594612121582
410,1648716792.816716,-226.5225372314453,-217.2191619873047,1724.821044921875,-0.011288619600236416,0.8577044010162354,-0.5140191912651062,-0.9592447280883789,0.1358635127544403,0.24777144193649292,0.2823511064052582,0.49586722254753113,0.8212146759033203
300,1648716792.8662148,41.41987991333008,-55.59893035888672,1610.225830078125,0.9988650679588318,-0.04457142949104309,0.01679045893251896,0.047607168555259705,0.9450085163116455,-0.32356223464012146,-0.001445495174266398,0.32399436831474304,0.946057915687561
4,1648716792.8662415,-254.83009338378906,-116.29853820800781,1710.710205078125,-0.009237662889063358,-0.9995428919792175,0.02878618612885475,-0.9548994898796082,0.0002737072354648262,-0.29692912101745605,0.29678553342819214,-0.030230846256017685,-0.9544655084609985
410,1648716792.8662615,-226.606689453125,-217.2172088623047,1724.70068359375,-0.010242866352200508,0.8599563837051392,-0.5102646946907043,-0.9601370096206665,0.13409516215324402,0.24526594579219818,0.27934205532073975,0.4924362599849701,0.8243024945259094
300,1648716792.9004982,41.43915939331055,-55.594512939453125,1610.252685546875,0.9988556504249573,-0.044552549719810486,0.017391957342624664,0.047783300280570984,0.9451434016227722,-0.323141872882843,-0.002041099825873971,0.3236031234264374,0.9461907148361206
4,1648716792.9005234,-254.7633056640625,-116.30691528320312,1710.7098388671875,-0.01121522393077612,-0.9995213150978088,0.02883276529610157,-0.9549456238746643,0.0021541728638112545,-0.2967730462551117,0.2965688705444336,-0.030862098559737206,-0.9545126557350159
410,1648716792.9005425,-226.58255004882812,-217.25575256347656,1724.6129150390625,-0.012424936518073082,0.8592272400856018,-0.5114431977272034,-0.9593295454978943,0.13401366770267487,0.24844948947429657,0.282014936208725,0.49372953176498413,0.8226169943809509
300,1648716792.934969,41.45375061035156,-55.59117126464844,1610.21630859375,0.9988676905632019,-0.04451705142855644,0.016781164333224297,0.04755273833870888,0.9450055360794067,-0.3235788643360138,-0.0014535157242789865,0.3240104615688324,0.9460523724555969
4,1648716792.9350102,-254.75758361816406,-116.27228546142578,1710.7227783203125,-0.009191975928843021,-0.9995379447937012,0.028971895575523376,-0.95478755235672,0.00016343417519237846,-0.2972889840602875,0.29714688658714294,-0.030394677072763443,-0.9543479084968567
410,1648716792.9350295,-226.72605895996094,-217.31121826171875,1724.5902099609375,-0.012135799042880535,0.8586055040359497,-0.5124931931495667,-0.9590409398078918,0.1350661963224411,0.24899320304393768,0.2830074429512024,0.49452367424964905,0.8217986822128296
300,1648716792.9861517,41.42417907714844,-55.59870910644531,1610.22900390625,0.9988585114479065,-0.044639404863119125,0.017000993713736534,0.04773981124162674,0.944977879524231,-0.32363200187683105,-0.0016188230365514755,0.3240742087364197,0.9460302591323853
4,1648716792.9861755,-254.83322143554688,-116.28565979003906,1710.7232666015625,-0.013539087027311325,-0.999470055103302,0.02960168570280075,-0.9549914002418518,0.004151920322328806,-0.2966044545173645,0.29632437229156494,-0.03228510916233063,-0.9545415043830872
410,1648716792.9861932,-226.7252197265625,-217.21356201171875,1724.5738525390625,-0.013526839204132557,0.8590011596679688,-0.511794924736023,-0.9593030214309692,0.13323169946670532,0.2489718347787857,0.2820543944835663,0.49433422088623047,0.8222402334213257
300,1648716793.0189512,41.43008041381836,-55.591121673583984,1610.226318359375,0.998859703540802,-0.04452965036034584,0.017214635387063026,0.04770447313785553,0.9451085329055786,-0.3232555687427521,-0.0018752411706373096,0.323708176612854,0.9461551308631897
4,1648716793.018977,-254.8166961669922,-116.26436614990234,1710.7183837890625,-0.010691782459616661,-0.9994916915893555,0.03003324195742607,-0.9551919102668762,0.001324011362157762,-0.2959842085838318,0.2957940101623535,-0.031852107495069504,-0.9547205567359924
410,1648716793.018996,-226.79762268066406,-217.216796875,1724.5035400390625,-0.011350511573255062,0.8584741950035095,-0.51273113489151,-0.9596878290176392,0.13466082513332367,0.24670979380607605,0.2808387875556946,0.4948621392250061,0.8223387598991394
300,1648716793.0535755,41.45773696899414,-55.59005355834961,1610.221923828125,0.9988607168197632,-0.044702108949422836,0.016704261302947998,0.04770314320921898,0.944937527179718,-0.32375532388687134,-0.0013119360664859414,0.32418331503868103,0.9459933638572693
4,1648716793.0536025,-254.83563232421875,-116.28700256347656,1710.7735595703125,-0.009932538494467735,-0.9995102882385254,0.029673093929886818,-0.9546557068824768,0.0006484526093117893,-0.29771143198013306,0.2975464165210724,-0.03128461912274361,-0.9541946649551392
410,1648716793.0536227,-226.83375549316406,-217.20562744140625,1724.4974365234375,-0.011338132433593273,0.8595659732818604,-0.5108989477157593,-0.9600729942321777,0.13346673548221588,0.2458585798740387,0.2795196771621704,0.4932878911495209,0.823732852935791
300,1648716793.1024227,41.433685302734375,-55.587703704833984,1610.225830078125,0.9988589286804199,-0.04450787976384163,0.017315968871116638,0.04771646484732628,0.9451427459716797,-0.3231537938117981,-0.001983172260224819,0.323611319065094,0.9461880326271057
4,1648716793.1024497,-254.7390594482422,-116.26586151123047,1710.717529296875,-0.011465261690318584,-0.9994324445724487,0.03167584910988808,-0.9551500678062439,0.0015721474774181843,-0.29611802101135254,0.2959001362323761,-0.03365026041865349,-0.9546259641647339
410,1648716793.1024678,-226.69473266601562,-217.2000732421875,1724.459716796875,-0.01130383275449276,0.8584463000297546,-0.5127789378166199,-0.9597667455673218,0.13457472622394562,0.24644970893859863,0.280570924282074,0.49493396282196045,0.8223869800567627
300,1648716793.151853,41.432594299316406,-55.58890914916992,1610.230712890625,0.998857319355011,-0.044538356363773346,0.017331499606370926,0.047750622034072876,0.9450932741165161,-0.3232932686805725,-0.001980933826416731,0.32375144958496094,0.9461401104927063
4,1648716793.1518805,-254.77769470214844,-116.27264404296875,1710.805908203125,-0.009220123291015625,-0.9994535446166992,0.031742293387651443,-0.9546815156936646,-0.0006454858230426908,-0.29762861132621765,0.29748645424842834,-0.03304795175790787,-0.9541538953781128
410,1648716793.1518993,-226.63392639160156,-217.10342407226562,1724.607421875,-0.011027504689991474,0.8582765460014343,-0.5130689144134521,-0.9599348306655884,0.1345934420824051,0.24578389525413513,0.2800062596797943,0.49522310495376587,0.8224053382873535
300,1648716793.1863825,41.453773498535156,-55.59090042114258,1610.232177734375,0.9988612532615662,-0.044496405869722366,0.017211107537150383,0.04767234995961189,0.9450289607048035,-0.3234928250312805,-0.0018707269337028265,0.32394495606422424,0.9460740685462952
4,1648716793.1864088,-254.81021118164062,-116.2633056640625,1710.76123046875,-0.012281919829547405,-0.9995259046554565,0.028234317898750305,-0.9549400806427002,0.003350709332153201,-0.2967798411846161,0.29654452204704285,-0.030607106164097786,-0.9545284509658813
410,1648716793.1864276,-226.67343139648438,-217.24026489257812,1724.513671875,-0.01143060065805912,0.8598392605781555,-0.5104368925094604,-0.9587846398353577,0.13550926744937897,0.24973835051059723,0.28390374779701233,0.49225369095802307,0.8228517174720764
300,1648716793.2210453,41.43954086303711,-55.58843994140625,1610.2344970703125,0.9988577365875244,-0.04457669332623482,0.017209110781550407,0.04774843901395798,0.9448878169059753,-0.3238936960697174,-0.0018225691746920347,0.3243454396724701,0.9459369778633118
4,1648716793.221073,-254.90135192871094,-116.27986145019531,1710.7784423828125,-0.010423688217997551,-0.9995726346969604,0.02731200121343136,-0.9548320770263672,0.0018381626578047872,-0.2971402704715729,0.29696306586265564,-0.029175670817494392,-0.9544431567192078
410,1648716793.2210913,-226.671630859375,-217.15939331054688,1724.47119140625,-0.010777388699352741,0.859157919883728,-0.5115969777107239,-0.9597982168197632,0.13462315499782562,0.24630065262317657,0.2804839611053467,0.4936843514442444,0.8231673836708069
300,1648716793.269911,41.430259704589844,-55.586177825927734,1610.23388671875,0.9988612532615662,-0.04460235312581062,0.01693682372570038,0.04768361523747444,0.9450526237487793,-0.32342204451560974,-0.001580803538672626,0.32386136054992676,0.9461032152175903
4,1648716793.2699375,-254.86634826660156,-116.26531219482422,1710.7464599609375,-0.013342428021132946,-0.9995135068893433,0.028190722689032555,-0.9549559950828552,0.004378949292004108,-0.2967150807380676,0.2964472770690918,-0.030879799276590347,-0.9545498490333557
410,1648716793.2699578,-226.61822509765625,-217.09437561035156,1724.4739990234375,-0.0093843974173069,0.859096348285675,-0.5117278099060059,-0.9596136212348938,0.136155366897583,0.24617767333984375,0.28116482496261597,0.49337121844291687,0.8231227993965149
300,1648716793.3192225,41.45358657836914,-55.58547592163086,1610.2215576171875,0.9988632202148438,-0.04457172006368637,0.01689992845058441,0.04764296114444733,0.9449965357780457,-0.3235918879508972,-0.0015473252860829234,0.32402920722961426,0.9460458159446716
4,1648716793.3192496,-254.81883239746094,-116.26541137695312,1710.7213134765625,-0.009146266616880894,-0.9995038509368896,0.03013899363577366,-0.9549046158790588,-0.0002149424108210951,-0.29691264033317566,0.2967717945575714,-0.031495507806539536,-0.9544289112091064
410,1648716793.3192677,-226.87205505371094,-217.06150817871094,1724.3160400390625,-0.008802631869912148,0.860253095626831,-0.5097913146018982,-0.960500955581665,0.13452909886837006,0.24359774589538574,0.2781374752521515,0.49179932475090027,0.825089693069458
300,1648716793.3505187,41.436912536621094,-55.58409118652344,1610.222412109375,0.9988586902618408,-0.044654976576566696,0.01694982685148716,0.04773857817053795,0.94484943151474,-0.3240070641040802,-0.00154650688637048,0.3244464099407196,0.9459028244018555
4,1648716793.350545,-254.9298553466797,-116.28087615966797,1710.72607421875,-0.01254327967762947,-0.99949711561203,0.029122773557901382,-0.954910159111023,0.0033335250336676836,-0.2968761622905731,0.29662978649139404,-0.03153343126177788,-0.9544718265533447
410,1648716793.3505638,-227.00572204589844,-217.12896728515625,1724.345703125,-0.010899621993303299,0.8605909943580627,-0.5091800689697266,-0.9603458046913147,0.13286444544792175,0.24511830508708954,0.27859851717948914,0.4916606545448303,0.8250167369842529
300,1648716793.388434,41.42852020263672,-55.59537887573242,1610.21875,0.9988676309585571,-0.04458893835544586,0.016593271866440773,0.047560155391693115,0.9449304938316345,-0.3237968981266022,-0.0012417294783517718,0.32421940565109253,0.9459810853004456
4,1648716793.3884606,-255.0133819580078,-116.27859497070312,1710.773193359375,-0.010668857954442501,-0.9995185732841492,0.02913360483944416,-0.9548253417015076,0.0015301868552342057,-0.29716357588768005,0.2969759404659271,-0.030987899750471115,-0.9543820023536682
410,1648716793.3884785,-227.0733184814453,-217.2294158935547,1724.4183349609375,-0.011933375149965286,0.8616562485694885,-0.5073520541191101,-0.9592378735542297,0.13340537250041962,0.24912981688976288,0.28234776854515076,0.48964425921440125,0.8249413371086121
300,1648716793.4373384,41.450286865234375,-55.5890998840332,1610.220458984375,0.9988632202148438,-0.044579096138477325,0.016882354393601418,0.04764402285218239,0.9450433850288391,-0.32345494627952576,-0.0015352278714999557,0.3238915801048279,0.946092963218689
4,1648716793.437365,-255.00003051757812,-116.2786865234375,1710.761474609375,-0.014108236879110336,-0.9994925856590271,0.028556793928146362,-0.9548790454864502,0.004994169808924198,-0.2969529330730438,0.2966596484184265,-0.03145776689052582,-0.9544650316238403
410,1648716793.4373837,-227.11029052734375,-217.22259521484375,1724.3643798828125,-0.01316478755325079,0.861603319644928,-0.5074114799499512,-0.9589847326278687,0.13281992077827454,0.2504139542579651,0.28315186500549316,0.4898965060710907,0.8245158791542053
300,1648716793.4884462,41.43310546875,-55.59151077270508,1610.2252197265625,0.9988672733306885,-0.04467318579554558,0.016386205330491066,0.047572407871484756,0.945027232170105,-0.3235126733779907,-0.0010330694494768977,0.3239257335662842,0.9460819363594055
4,1648716793.48847,-254.9270477294922,-116.28118133544922,1710.7381591796875,-0.0102902976796031,-0.9995218515396118,0.029158474877476692,-0.9547961354255676,0.0011580641148611903,-0.29725921154022217,0.29708331823349,-0.030899284407496452,-0.9543514847755432
410,1648716793.4884882,-227.2157745361328,-217.11936950683594,1724.24658203125,-0.0112224742770195,0.8616217970848083,-0.5074267387390137,-0.9600939750671387,0.13253457844257355,0.2462805211544037,0.27945226430892944,0.48994123935699463,0.8257505893707275
300,1648716793.5211422,41.43533706665039,-55.583984375,1610.22119140625,0.9988648891448975,-0.0446263812482357,0.01665554568171501,0.04761581867933273,0.9449148178100586,-0.3238343894481659,-0.0012865157332271338,0.324259877204895,0.9459671974182129
4,1648716793.5211678,-255.01760864257812,-116.27496337890625,1710.78857421875,-0.013987689279019833,-0.9994924068450928,0.028623584657907486,-0.9548175930976868,0.004852575715631247,-0.2971528172492981,0.2968630790710449,-0.03148678317666054,-0.9544007778167725
410,1648716793.5211859,-227.1915283203125,-217.1139678955078,1724.373046875,-0.011621152050793171,0.8618255853652954,-0.5070716738700867,-0.9598798751831055,0.13247092068195343,0.24714797735214233,0.2801706790924072,0.4896000027656555,0.8257095217704773
300,1648716793.5558846,41.44784164428711,-55.58980941772461,1610.2275390625,0.9988627433776855,-0.04462561756372452,0.01678786613047123,0.04765739291906357,0.9450515508651733,-0.32342901825904846,-0.0014321792405098677,0.3238612413406372,0.9461035132408142
4,1648716793.5559256,-255.06256103515625,-116.27455139160156,1710.6920166015625,-0.012576432898640633,-0.9994933605194092,0.029237525537610054,-0.9549248218536377,0.0033326875418424606,-0.29682907462120056,0.2965812683105469,-0.03165268898010254,-0.954482913017273
410,1648716793.5559456,-227.1548614501953,-217.18405151367188,1724.4110107421875,-0.012354349717497826,0.8614513278007507,-0.5076898336410522,-0.9593561887741089,0.1329418420791626,0.2489219754934311,0.2819273769855499,0.4901306629180908,0.8247962594032288
300,1648716793.6047847,41.43608856201172,-55.579437255859375,1610.227294921875,0.9988605976104736,-0.044647566974163055,0.016856489703059196,0.047700729221105576,0.9449737668037415,-0.32364991307258606,-0.0014787593390792608,0.32408520579338074,0.9460267424583435
4,1648716793.6048112,-254.9708251953125,-116.27456665039062,1710.7060546875,-0.01174029242247343,-0.9995204210281372,0.02865416742861271,-0.9549691677093506,0.002711435779929161,-0.2966926693916321,0.2964726984500885,-0.030847106128931046,-0.9545430541038513
410,1648716793.604829,-227.10916137695312,-217.18045043945312,1724.3231201171875,-0.012765821069478989,0.8623680472373962,-0.5061209201812744,-0.9595909118652344,0.13173268735408783,0.24865996837615967,0.281109094619751,0.4888434112071991,0.8258388638496399
300,1648716793.6541126,41.43977737426758,-55.58575439453125,1610.2354736328125,0.9988658428192139,-0.04436144605278969,0.01729583740234375,0.04757087677717209,0.9452328085899353,-0.32291170954704285,-0.0020237613935023546,0.32336825132369995,0.9462710618972778
4,1648716793.6541386,-254.9474334716797,-116.26119995117188,1710.712646484375,-0.010684272274374962,-0.9995266199111938,0.028850199654698372,-0.9548872709274292,0.001635580905713141,-0.2969639301300049,0.2967761754989624,-0.03072153404355049,-0.9544527530670166
410,1648716793.6541576,-226.90292358398438,-217.1674041748047,1724.57421875,-0.01126601081341505,0.8601729869842529,-0.5098779201507568,-0.9585446715354919,0.13590045273303986,0.25044599175453186,0.2847195267677307,0.4915623068809509,0.8229831457138062
300,1648716793.6884174,41.43768310546875,-55.59465789794922,1610.232177734375,0.9988628029823303,-0.044512372463941574,0.01708146743476391,0.047644972801208496,0.9451197385787964,-0.3232315480709076,-0.0017562295543029904,0.32367780804634094,0.9461657404899597
4,1648716793.688443,-254.96438598632812,-116.27447509765625,1710.6990966796875,-0.010472654365003109,-0.9995494484901428,0.028127815574407578,-0.9548854231834412,0.0016478151082992554,-0.29696980118751526,0.29678967595100403,-0.029968904331326485,-0.9544724822044373
410,1648716793.68846,-226.8689727783203,-217.22703552246094,1724.6146240234375,-0.011710742488503456,0.8607828617095947,-0.5088376402854919,-0.9586052298545837,0.1351185142993927,0.2506372630596161,0.2844976484775543,0.4907095730304718,0.82356858253479
300,1648716793.7232628,41.4369010925293,-55.59588623046875,1610.2364501953125,0.9988628625869751,-0.04457126930356026,0.01692320592701435,0.04764993488788605,0.9450253248214722,-0.32350683212280273,-0.0015737470239400864,0.3239453434944153,0.9460744857788086
4,1648716793.7232893,-254.93081665039062,-116.26162719726562,1710.7171630859375,-0.013534167781472206,-0.9994555115699768,0.030091077089309692,-0.9552342891693115,0.004028863273561001,-0.29582294821739197,0.2955406606197357,-0.032747745513916016,-0.954768717288971
410,1648716793.7233076,-226.94200134277344,-217.11456298828125,1724.4525146484375,-0.01120710838586092,0.8610067963600159,-0.5084699988365173,-0.9594247341156006,0.13401636481285095,0.2480802834033966,0.2817420959472656,0.4906189441680908,0.8245692253112793
300,1648716793.772317,41.43196105957031,-55.587120056152344,1610.2305908203125,0.9988650679588318,-0.04454709216952324,0.016856485977768898,0.04760577529668808,0.9449573159217834,-0.3237118721008301,-0.0015082370955497026,0.32414692640304565,0.9460055232048035
4,1648716793.7723439,-254.8912811279297,-116.27272033691406,1710.60205078125,-0.010063126683235168,-0.9995121955871582,0.029566137120127678,-0.9549643397331238,0.0008374882745556533,-0.29671943187713623,0.296549916267395,-0.031220531091094017,-0.9545068740844727
410,1648716793.7723644,-226.81893920898438,-217.10940551757812,1724.44970703125,-0.010299610905349255,0.8602343797683716,-0.5097947716712952,-0.9595033526420593,0.135024756193161,0.24722783267498016,0.28150880336761475,0.49169614911079407,0.8240070939064026
300,1648716793.8214273,41.44731521606445,-55.583553314208984,1610.2191162109375,0.9988628029823303,-0.0446414090692997,0.016739236190915108,0.04765687510371208,0.9449834227561951,-0.32362809777259827,-0.001371085993014276,0.32405781745910645,0.9460362792015076
4,1648716793.8214545,-254.7310028076172,-116.25944519042969,1710.68994140625,-0.012174083851277828,-0.9994044303894043,0.03228837251663208,-0.9550325274467468,0.0020545620936900377,-0.2964939475059509,0.2962510287761688,-0.03444598987698555,-0.9544887542724609
410,1648716793.8214722,-226.84837341308594,-217.03085327148438,1724.303466796875,-0.010574741289019585,0.8610415458679199,-0.508424699306488,-0.959967315196991,0.13358847796916962,0.24620486795902252,0.2799122929573059,0.4906746447086334,0.8251590728759766
300,1648716793.8527844,41.4468879699707,-55.589813232421875,1610.2294921875,0.9988590478897095,-0.044658809900283813,0.016918938606977463,0.04773250222206116,0.944781482219696,-0.32420605421066284,-0.0015060427831485868,0.32464373111724854,0.9458351731300354
4,1648716793.8528094,-254.85821533203125,-116.26095581054688,1710.6796875,-0.011990725994110107,-0.9994494318962097,0.03093595802783966,-0.9553103446960449,0.0023115994408726692,-0.29559576511383057,0.2953614890575409,-0.033097848296165466,-0.9548121094703674
410,1648716793.8528285,-226.81353759765625,-217.04579162597656,1724.410888671875,-0.010224775411188602,0.8599950671195984,-0.5101999640464783,-0.9597920179367065,0.13469867408275604,0.24628354609012604,0.28052589297294617,0.4922040104866028,0.824039101600647
300,1648716793.8906224,41.43094253540039,-55.59633255004883,1610.2308349609375,0.9988632798194885,-0.0444369800388813,0.017248494550585747,0.04762835055589676,0.9450118541717529,-0.32354921102523804,-0.0019224828574806452,0.3240029215812683,0.9460541009902954
4,1648716793.8906496,-254.93173217773438,-116.26643371582031,1710.6988525390625,-0.014567334204912186,-0.9994489550590515,0.029825851321220398,-0.9552422165870667,0.0050962227396667,-0.2957809269428253,0.2954659163951874,-0.032799649983644485,-0.9547900557518005
410,1648716793.890667,-226.8474884033203,-217.1299591064453,1724.4210205078125,-0.012826952151954174,0.8608847856521606,-0.5086382031440735,-0.9587211608886719,0.13391831517219543,0.2508378326892853,0.28405845165252686,0.490859717130661,0.823630690574646
300,1648716793.9395456,41.44407653808594,-55.59513854980469,1610.190185546875,0.9988704919815063,-0.044690992683172226,0.016137620434165,0.04750902205705643,0.9449113607406616,-0.323860228061676,-0.0007749851793050766,0.3242611289024353,0.9459673166275024
4,1648716793.9395733,-254.96353149414062,-116.27386474609375,1710.6717529296875,-0.011542762629687786,-0.9994955658912659,0.02958681434392929,-0.9551973342895508,0.002270221244543791,-0.2959609031677246,0.2957444489002228,-0.031677454710006714,-0.9547417163848877
410,1648716793.9395924,-227.0496826171875,-217.146484375,1724.2724609375,-0.012991751544177532,0.8612373471260071,-0.5080368518829346,-0.9590740203857422,0.13299326598644257,0.24997952580451965,0.28285717964172363,0.49049267172813416,0.8242625594139099
